1786 3016
893 214 1121 255 -50-

295 329 420 371 illius.
461 329 601 372 Media
626 335 771 371 autem
796 336 920 372 nocte
946 344 970 372 a
996 332 1192 373 convivio
1217 332 1484 386 surgentibus
1507 338 1552 375 et
1577 333 1709 388 quieti
1776 320 1786 365 ’ἶ

297 389 480 441 dantes1‚
509 394 756 442 prosecutus
784 395 848 430 est
864 391 948 430 Leo
974 403 1175 444 generum
1202 391 1362 433 domini
1387 392 1454 434 s'ui
1479 405 1577 434 cum
1602 397 1709 447 potu

297 448 596 501 porrigensque
622 449 659 490 ei
685 448 826 490 bibere
852 449 896 490 in
922 454 1132 491 metatum
1149 451 1251 502 eius,
1273 451 1333 492 ait
1359 451 1414 494 ad
1439 463 1538 492 eum
1561 451 1709 497 homo:

299 520 315 547 «
334 507 411 548 Dic
428 513 492 558 tu,
511 520 536 548 o
553 508 735 550 creditor
753 509 883 548 soceri
901 508 996 560 mei,
1016 509 1050 549 si
1068 509 1223 561 valeas,
1246 511 1416 562 quando
1433 511 1545 552 enim
1562 510 1711 552 volun·

257 571 278 606 5
299 571 390 607 tate
412 566 646 617 adhibebis,
668 572 731 617 ut,
754 567 991 620 adsumptis
1013 568 1226 621 equitibus
1248 569 1350 620 eius,
1372 582 1442 610 eas
1462 569 1507 611 in
1526 569 1711 623 patriam

299 627 453 668 tuam?
470 639 487 666 »
505 626 595 666 Hoc
613 627 732 679 quasi
747 626 839 666 ioco
855 626 1068 667 delectans
1085 628 1207 668 dixit.
1242 628 1442 669 Similiter
1457 633 1501 669 et
1514 628 1583 669 ille
1598 629 1712 670 iocu-

297 683 441 725 lariter
461 686 720 738 respondens
741 686 936 736 veritate,
959 687 1039 726 ait:
1063 700 1080 726 «
1103 686 1192 727 Hac
1213 692 1336 728 nocte
1358 687 1556 739 delibero,
1577 687 1613 728 si
1634 688 1713 729 Dei

298 745 497 785 voluntas
514 745 655 785 fuerit.
674 758 691 784 »
709 745 764 785 Et
779 745 867 785 ille:
886 758 903 784 «
920 745 1110 796 Utinam,
1127 746 1290 799 inquid,
1307 745 1552 790 custodiant
1567 759 1634 788 me
1650 747 1713 788 fa-

298 803 403 844 muli
427 803 523 854 mei,
548 817 600 843 ne
625 803 786 856 aliquid
811 804 861 843 de
885 804 1010 845 rebus
1034 805 1138 845 meis
1162 806 1380 847 adsumas!
1407 818 1424 846 ι)
1448 806 1504 846 Et
1523 805 1712 849 ridentes

229 869 246 901 1
256 868 277 901 Ο
299 862 594 903 discesserunt.
628 863 945 917 Dormientibus
958 869 1103 906 autem
1116 865 1293 915 cunctis,
1308 865 1480 906 vocavit
1494 865 1579 906 Leo
1587 865 1714 906 Atta·

299 921 402 972 lum,
430 922 659 975 stratisque
685 922 914 975 equitibus,
941 923 1174 975 interrogat
1200 924 1234 963 si
1259 924 1434 964 haberet
1458 923 1613 977 gladio.
1635 924 1714 966 Re-

300 980 492 1033 spondit:
510 994 527 1021 «
544 982 638 1021 Non
654 986 718 1021 est
734 981 837 1021 mihi
852 994 1033 1032 necesse,
1049 981 1129 1022 nisi
1143 988 1316 1023 tantum
1330 983 1476 1023 lancea
1492 982 1680 1036 parvola.
1698 995 1716 1023 ι)

300 1040 359 1080 At
375 1040 442 1080 ille
460 1041 668 1093 ingressus
686 1041 947 1080 mansionem
965 1041 1126 1083 domini
1141 1042 1206 1082 sui
1223 1041 1529 1095 adpraehendit
1545 1047 1714 1096 scytum

301 1099 390 1140 eius
417 1112 466 1140 ac
492 1101 710 1142 frameam.
762 1100 902 1153 Quod²
926 1100 1228 1152 interrogante,
1257 1101 1349 1154 quis
1375 1106 1484 1142 esset
1509 1106 1586 1142 aut
1613 1100 1715 1155 quid

231 1163 279 1198 15
304 1159 384 1199 sibi
405 1159 538 1209 vellit,
560 1159 798 1212 respondit:
821 1172 839 1199 «
860 1159 949 1211 Ego
971 1172 1065 1201 sum
1087 1160 1171 1200 Leo
1193 1173 1337 1201 servus
1358 1165 1472 1211 tuus,
1494 1165 1538 1201 et
1557 1160 1716 1202 suscito

301 1218 463 1268 Attalo,
482 1223 531 1258 ut
550 1223 694 1270 surgat
712 1218 895 1258 velocius
914 1224 957 1259 et
975 1218 1159 1261 deducat
1176 1231 1307 1271 equos
1325 1219 1379 1263 ad
1397 1224 1590 1273 pastum3
1607 1219 1716 1260 deti-

301 1282 426 1317 netur
444 1278 556 1317 enim
575 1289 722 1330 sopore
744 1277 864 1330 quasi
882 1277 1034 1319 ebrius.
1056 1291 1073 1319 »
1092 1278 1164 1328 Et?
1183 1278 1263 1319 ait:
1283 1292 1300 1318 «
1318 1279 1402 1319 Fac
1419 1284 1469 1320 ut
1486 1278 1591 1319 libet
1610 1291 1642 1319 ,υ
1658 1279 1716 1319 Et

302 1336 405 1377 haec
435 1337 591 1386 dicens,
621 1336 894 1379 obdormivit.
943 1337 1015 1377 Ille
1045 1349 1145 1377 vero
1173 1350 1360 1390 egressus
1389 1338 1503 1390 foris,
1531 1337 1716 1378 munivit

302 1408 481 1448 puerum
511 1409 643 1446 arma,
675 1396 923 1449 invenitque
954 1396 1102 1437 ianuas
1133 1397 1232 1436 atrii
1262 1397 1466 1438 divinitus
1495 1401 1716 1449 reseratae,

232 1460 280 1494 20
305 1467 409 1507 quas
427 1455 470 1496 in
487 1454 609 1495 initio
626 1455 762 1495 noctis
780 1468 877 1496 cum
895 1455 1037 1496 cuneis
1055 1455 1206 1496 malleo
1224 1455 1428 1509 percussis
1447 1455 1717 1497 obseraverat

303 1527 379 1567 pro
399 1514 591 1555 custodia
611 1514 891 1565 caballorum;
912 1520 955 1555 et
974 1515 1132 1567 gratias
1153 1527 1280 1567 agens
1303 1516 1405 1566 Deo,
1425 1515 1606 1568 sumptis
1624 1514 1718 1555 reli·
1779 1506 1781 1509 ¹

305 1574 398 1626 quis
427 1573 642 1627 equitibus
671 1587 827 1624 secum,
858 1574 1152 1624 discesserunt,
1182 1587 1315 1615 unum
1344 1575 1475 1615 etiam
1502 1572 1717 1615 voluclum

304 1632 565 1673 vestimenti⁴
580 1633 789 1674 tollentes.
821 1633 1047 1674 Venientes
1061 1639 1206 1674 autem
1220 1633 1274 1675 ad
1289 1633 1509 1674 Musellam
1522 1633 1717 1684 fluvium,

303 1696 352 1732 ut
374 1692 618 1743 transirent,
643 1705 739 1733 cum
763 1693 1061 1735 detenerentur
1084 1706 1109 1733 a
1134 1692 1402 1745 quibusdam,
1424 1692 1580 1733 relictis
1602 1691 1718 1745 equi·

234 1755 281 1790 25
298 1751 413 1792 tibus
433 1758 476 1792 et
495 1752 773 1802 vestimentis,
793 1757 991 1792 natantes
1011 1766 1135 1805 super
1154 1764 1301 1805 parma
1319 1751 1447 1805 positi
1463 1763 1646 1802 amnem,
1675 1750 1718 1791 in

303 1810 546 1851 ulteriorem
572 1811 725 1863 egressi
751 1816 850 1851 sunt
876 1811 1027 1864 ripam,
1055 1816 1098 1851 et
1123 1811 1233 1851 inter
1260 1811 1437 1852 obscura
1461 1810 1599 1851 noctis
1623 1810 1718 1859 <in-

302 1870 465 1922 gressi>
490 1870 616 1910 silvas
642 1871 872 1911 latuerunt.
915 1870 1060 1911 Tereia
1085 1870 1197 1910 enim
1222 1883 1307 1911 nox
1333 1870 1578 1920 advenerat,
1605 1868 1718 1922 quod

304 1930 468 1970 nullum
494 1930 650 1982 cybum
674 1935 895 1982 gustantes
921 1929 1001 1970 iter
1024 1929 1235 1970 terebant.
1277 1930 1396 1970 Tunc
1420 1934 1529 1970 nutu
1556 1928 1634 1969 Dei
1655 1941 1719 1968 re-

305 1994 471 2042 pertam
501 1989 694 2029 arborem
726 1990 893 2042 plenam
924 1989 1073 2041 pomis,
1107 2001 1191 2040 qua
1217 1988 1349 2042 ‘vulgo
1380 2002 1515 2041 pruna
1546 1992 1717 2038 vocant,

234 2051 282 2085 30
305 2049 547 2099 comedunt,
563 2062 788 2102 parumper
802 2048 1043 2098 sustentati,
1059 2048 1228 2100 ingressi
1245 2053 1344 2088 sunt
1357 2047 1436 2088 iter
1450 2046 1718 2100 Campaniae.

313 2107 474 2160 Quibus
491 2108 774 2161 pergentibus,
793 2108 972 2163 audiunt
989 2107 1234 2160 pedibulum
1251 2107 1443 2159 equitum
1459 2105 1719 2147 currentium

306 2167 608 2220 dixeruntque:
629 2181 646 2208 «
665 2169 984 2209 Prosternamus
1002 2172 1152 2217 terrae,
1171 2179 1223 2207 ne
1242 2178 1520 2219 appareamus
1539 2164 1718 2205 homini-

306 2226 384 2267 bus
406 2227 687 2268 venientibus.
711 2241 727 2267 »
749 2228 804 2267 Et
825 2240 919 2267 ecce
940 2239 991 2266 ex
1012 2226 1227 2279 inproviso
1248 2230 1383 2278 sterps
1413 2224 1508 2265 rubi
1541 2235 1720 2276 magnus

307 2287 459 2337 adfuit,
491 2287 587 2339 post
619 2299 744 2339 quem
773 2291 1057 2336 transeuntes,
1089 2285 1353 2337 proiecerunt
1383 2297 1425 2324 se
1455 2289 1591 2324 terrae
1621 2295 1719 2323 cum

237 2352 284 2386 35
307 2346 542 2398 evaginatis
572 2346 736 2398 gladiis,
770 2345 926 2386 scilicet
958 2350 1021 2395 ut,
1055 2357 1096 2384 se
1129 2345 1464 2392 adverterentur,
1497 2341 1720 2383 confestim

308 2418 349 2445 se
383 2405 502 2458 quasi
531 2405 586 2445 ab
616 2404 803 2458 inprobis
832 2405 1059 2453 <framea>
1090 2404 1370 2445 defensarent.
1417 2401 1720 2442 Verumtamen

308 2477 403 2505 cum
430 2465 644 2505 venissent
668 2465 712 2504 in
735 2464 827 2504 loco
852 2464 936 2514 illo,
962 2475 1104 2503 coram
1130 2462 1258 2514 stirpe
1285 2461 1428 2514 spineo
1452 2460 1720 2510 restiterunt3

308 2524 501 2576 dixitque
531 2537 654 2574 unus,
686 2523 787 2564 dum
818 2523 915 2575 equi
944 2523 1109 2562 urinam
1140 2521 1410 2574 proiecerint:
1443 2533 1459 2559 «
1488 2519 1574 2560 Vae
1603 2518 1720 2568 mihi,

403 2655 417 2676 1
443 2655 580 2690 datis.
610 2675 646 2679 -
676 2654 689 2674 2
712 2664 817 2700 quo.
847 2674 901 2678 —
928 2653 943 2675 ³
966 2652 1055 2698 qui.
1090 2672 1127 2677 ——
1162 2652 1177 2673 ⁴¹
1199 2661 1298 2687 cum
1322 2648 1632 2686 vestimentis.
