1786 3016
880 194 1090 235 ...12-

277 311 508 364 indulgeat,
540 316 775 365 purgetque
806 325 873 352 me
905 325 931 352 a
952 311 1124 363 morbis,
1149 325 1253 366 quos
1276 325 1399 366 saepe
1421 310 1628 367 conspicit
1647 317 1692 355 et

278 371 476 421 intendit,
493 371 694 412 restituat
711 371 814 411 mihi
830 371 974 412 lumen
991 371 1200 422 veritatis,
1219 377 1340 412 eruat
1357 384 1424 412 me
1441 371 1497 413 ab
1512 370 1693 414 infideli—

277 430 381 470 tatis
405 430 541 483 lapsu,
566 430 744 472 mundet
768 443 839 470 cor
863 435 906 470 et
930 435 1115 470 mentem
1142 442 1168 470 a
1189 430 1327 473 lurida
1348 430 1467 485 lepra
1488 430 1691 482 luxoriae,

278 494 430 542 purget
457 489 735 541 cogitationes
764 501 789 529 a
817 489 1174 548 concupiscentiis*
1196 489 1338 543 pravis
1365 495 1495 544 atque
1523 502 1693 531 omnem

231 553 252 588 5
274 560 299 588 a
317 561 384 588 me
402 548 638 588 facinorum
656 548 811 588 molem
830 548 966 589 diluat
985 561 1034 588 ac
1053 553 1308 602 prosternat,
1326 553 1390 600 ut,
1409 561 1507 590 cum
1523 549 1569 590 in
1585 548 1694 592 iudi-

277 607 343 647 cio
367 607 558 647 sinistrae
582 608 700 648 fuero
724 612 843 660 parte
867 608 1045 658 locatus,
1068 608 1136 648 ille
1159 620 1226 647 me
1251 607 1301 649 de
1325 607 1464 648 medio
1486 607 1693 649 hedorum

278 671 546 706 sacrosancta
589 667 763 708 dextera
805 666 1001 719 dignetur
1043 667 1303 717 abstrahere,
1345 671 1691 720 reservatumque

277 730 374 778 post
403 730 584 777 tergum,
615 725 871 767 sententiam
901 726 1050 766 iudicis
1082 726 1377 778 praestoletur.
1424 725 1613 779 Cumque
1642 739 1692 766 eo

276 784 490 825 iudicante
509 786 627 825 fuero
645 784 829 824 flammis
856 785 1132 825 infernalibus
1160 785 1405 837 deputatus,
1424 790 1693 826 sacrosancto

207 849 255 882 10
278 843 418 896 pallio,
436 856 518 896 quo
532 843 599 883 ille
613 843 772 895 tegitur
785 856 810 883 a
823 843 968 896 gloria,
983 857 1049 883 me
1065 849 1308 884 contectum
1322 849 1495 884 excuset
1505 857 1531 885 a
1541 855 1692 897 poena,

278 902 515 943 dicentibus
543 903 630 955 regi
650 902 821 955 angelis,
846 903 959 955 quod
983 903 1197 955 quondam
1219 903 1270 945 de
1291 903 1500 943 monacho
1519 903 1693 944 resusci-

276 966 371 1001 tato
395 962 610 1003 dixerant:
636 962 737 1002 ‘Iste
762 967 840 1012 est,
866 974 941 1014 pro
967 974 1050 1014 quo
1075 962 1282 1002 Martinus
1305 965 1456 1014 rogat.'
1498 962 1692 1015 Fiatque,

276 1025 339 1071 ut,
365 1021 463 1073 quia
484 1034 570 1061 non
591 1033 752 1060 mereor
772 1021 843 1061 illa
865 1021 1058 1061 claritate
1080 1021 1239 1071 vestiri,
1262 1021 1329 1061 vel
1350 1021 1406 1062 ab
1426 1021 1693 1062 inruentibus

276 1084 535 1120 tartarorum
555 1080 757 1120 ministris
777 1092 938 1120 merear
958 1080 1146 1130 liberari3
1167 1093 1243 1120 nec
1263 1085 1437 1121 tantum
1455 1080 1557 1120 mihi
1579 1093 1693 1121 noxa

207 1143 254 1177 15
278 1139 535 1191 praevaleat,
557 1143 606 1179 ut
623 1151 789 1192 separer
806 1139 861 1179 ab
878 1139 966 1179 eius
983 1152 1124 1192 regno,
1149 1152 1274 1192 quem
1291 1139 1473 1181 fideliter
1485 1152 1579 1180 sum
1596 1151 1694 1180 con-

277 1199 411 1238 fessus
431 1198 475 1238 in
497 1198 678 1238 saeculo.

609 1330 650 1371 G.
680 1331 766 1371 Zur
793 1331 1230 1383 Darstellungskunst.

601 1423 683 1463 Der
702 1422 883 1474 Goldreif
904 1423 929 1462 I
953 1423 1010 1472 (M
1022 1428 1119 1463 art.
1137 1423 1218 1475 80).

357 1511 631 1552 Arrianorum
671 1511 876 1564 presbiter
915 1524 1012 1552 cum
1053 1511 1230 1553 diacono
1271 1516 1439 1552 'nostrae
1478 1511 1691 1564 religionis

207 1576 254 1610 20
277 1569 595 1610 altercationem
614 1570 815 1621 habebat,
836 1572 1050 1623 proferens
1070 1576 1218 1611 contra
1240 1571 1318 1611 Dei
1337 1571 1474 1611 filium
1493 1583 1543 1611 ac
1565 1570 1693 1624 Spiri-

276 1634 371 1669 tum
395 1634 604 1680 sanctum,
629 1635 679 1670 ut
703 1642 794 1670 mos
817 1630 934 1682 genti
958 1635 1036 1680 est,
1061 1642 1294 1670 venenosas
1318 1630 1592 1672 adsertiones,
1633 1629 1692 1670 At

276 1688 357 1739 ille,
384 1701 482 1729 cum
508 1689 580 1729 diu
606 1689 874 1741 multumque
900 1689 1102 1729 nonnulla
1129 1689 1180 1731 de
1206 1689 1306 1730 fidei
1333 1693 1502 1730 nostrae
1527 1688 1691 1729 ratione

277 1747 552 1798 disseruisset,
571 1753 614 1788 et
637 1747 845 1788 hereticus
871 1747 1073 1800 perfidiae
1098 1748 1351 1788 obcaecatus
1375 1747 1565 1800 caligine,
1585 1760 1691 1800 quae

276 1811 398 1846 erant
426 1819 526 1846 vera
552 1812 768 1860 respueret
795 1807 917 1847 iuxta
944 1807 1062 1857 illud,
1094 1807 1212 1859 quia:
1244 1807 1294 1847 In
1322 1807 1522 1848 malivola
1549 1807 1691 1847 anima

206 1870 254 1905 25
277 1878 363 1906 non
384 1866 578 1907 introibit
601 1866 822 1918 sapientia,
847 1866 1015 1917 adiecit,
1039 1866 1201 1907 dicens:
1226 1866 1358 1919 ‘Quid
1380 1865 1514 1918 longis
1537 1878 1692 1906 sermo-

276 1924 538 1965 cinationum
560 1925 868 1965 intentionibus
891 1925 1153 1977 fatigamur?
1192 1925 1333 1965 Factis
1355 1925 1414 1965 rei
1437 1925 1595 1965 veritas
1618 1924 1691 1966 ad-

276 1983 499 2037 probetur3
516 1984 796 2026 succendatur
811 1984 896 2036 igni
913 1997 1080 2034 aeneuS,
1098 1989 1140 2024 et
1156 1984 1201 2024 in
1215 1983 1397 2024 ferventi
1412 1996 1524 2036 aqua
1540 1983 1691 2024 anulus

276 2043 497 2085 cuiusdam
518 2043 760 2095 proiciatur.
805 2043 886 2096 Qui
906 2056 1006 2083 vero
1027 2056 1123 2083 eum
1144 2057 1194 2083 ex
1216 2042 1397 2083 ferventi
1416 2043 1532 2084 unda
1552 2047 1691 2083 sustu-

275 2101 384 2153 lerit,
415 2102 482 2142 1116
513 2102 722 2142 iustitiam
751 2102 952 2154 consequi
981 2102 1288 2155 conprobatum
1321 2114 1404 2154 quo
1434 2102 1563 2152 facto,
1594 2114 1691 2154 pars

206 2167 254 2201 30
277 2161 442 2201 diversa
458 2162 512 2201 ad
528 2162 811 2213 cognitionem
826 2161 950 2202 huius
967 2161 1153 2202 iustitiae
1170 2166 1457 2201 convertatur.
1491 2161 1690 2213 Intellege

275 2220 421 2272 itaque
441 2225 483 2260 et
502 2225 565 2270 tu,
585 2220 798 2270 hereticel,
818 2220 921 2260 haec
942 2233 1037 2273 pars
1057 2226 1215 2270 nostra,
1236 2220 1386 2273 spiritu
1406 2225 1553 2260 sancto
1572 2219 1691 2262 adiu-

276 2285 420 2329 vante,
442 2279 722 2332 conpleverit;
745 2279 848 2319 nihil
869 2280 913 2319 in
935 2285 1082 2319 sancta
1105 2279 1311 2319 Trinitate
1334 2278 1565 2329 dissonum,
1587 2278 1691 2319 nihil

276 2350 364 2378 esse
383 2338 596 2389 dissimile,
615 2338 816 2378 fatearis.'
851 2339 1071 2379 Consensit
1088 2338 1295 2378 hereticus
1313 2337 1410 2378 huic
1429 2337 1690 2389 diffinitioni,

276 2402 320 2438 et
342 2398 449 2438 inito
473 2411 605 2450 usque
631 2410 753 2438 mane
780 2398 949 2450 placito,
976 2398 1275 2447 discesserunt3
1315 2397 1387 2438 sed
1412 2396 1513 2438 fidei
1535 2397 1701 2447 fervor,-

205 2463 253 2498 35
276 2470 349 2510 per
372 2469 496 2510 quem
518 2457 620 2497 haec
642 2457 825 2509 primum
848 2456 1048 2497 diaconus
1071 2457 1320 2510 protulerat,
1343 2455 1497 2508 coepit,
1519 2455 1689 2495 inimico

275 2515 516 2566 insidiante,
558 2516 774 2568 tepiscere.
822 2516 1016 2556 Diluculo
1058 2521 1203 2556 autem
1246 2527 1431 2567 surgens,
1469 2514 1689 2555 brachium

304 2630 317 2651 ¹
344 2628 375 2665 si
396 2629 531 2664 schiebt
554 2629 721 2664 Ruinart
743 2629 819 2672 ein,
842 2629 910 2664 mit
935 2629 1095 2664 Komma
1117 2629 1239 2663 himer
1258 2627 1523 2673 compleverit.
