1786 3016
844 229 1071 271 -58—

249 359 358 399 gem.
402 346 483 399 Qui
502 359 600 387 611111
619 346 704 387 ista
723 351 960 398 narrasent,
980 347 1042 387 ait
1062 360 1136 387 rex
1161 347 1565 389 Guntchramnusz'«
1585 346 1668 389 lni-

252 405 333 446 cite
359 405 509 458 ignem‘
525 405 569 447 in
594 405 783 457 domum,
810 411 853 446 et
879 406 914 446 si
939 406 1126 455 exi<re>
1159 406 1398 460 nequiverit
1433 406 1668 460 episcopus,

252 465 410 518 pariter
444 470 778 505 concrementur.
813 477 830 505 »
849 464 936 505 Hec
964 465 1184 506 audientes
1212 465 1363 516 clerici,
1382 460 1609 507 effractum
1625 465 1671 506 vi

256 524 424 575 ostiom,
455 518 718 566 §acer-dotem
747 524 891 564 eicunt
920 525 1047 565 foras.
1087 525 1205 565 Tunc
1235 525 1317 574 mi<
1329 537 1393 565 ser
1404 524 1557 573 >rimus
1573 537 1670 566 cum

211 587 232 622 5
255 583 423 634 viderit,
440 596 483 623 se
499 582 683 624 flammis
699 583 850 625 validis
866 583 920 624 ab
936 588 1117 636 utraque
1133 588 1253 636 parte
1269 584 1440 635 vallare,
1456 583 1670 625 accinctus

252 642 395 695 gladio
419 642 583 683 accedit
607 642 661 684 ad
686 642 858 683 ostium.
897 642 1045 683 Virum
1068 642 1141 683 ubi
1165 643 1348 696 primum
1369 643 1499 684 limen
1521 643 1670 684 domus

253 701 469 754 egrediens
495 714 686 754 gressum
712 702 813 742 foris
841 702 953 752 fixit,
981 701 1129 742 statim
1156 715 1262 743 unos
1290 716 1311 742 e
1339 703 1511 755 populo,
1538 702 1672 743 eiecta

253 761 405 812 lancia,
435 762 620 801 frontem
649 761 738 801 eius
766 761 912 801 inlisit.
957 761 1024 801 Ad
1054 761 1137 811 ille,
1167 761 1246 802 hoc
1275 761 1364 802 ictu
1392 761 1624 810 turba<tus
1635 763 1672 811 >,

257 820 400 873 quassi
429 833 589 871 amens,
618 820 808 872 gladium
837 820 990 860 eiecere
1020 825 1222 871 temtans,
1252 820 1307 860 ab
1337 817 1672 870 ad<s>tantibus

186 883 234 917 10
256 879 318 920 ita
335 879 569 920 lanciarum
588 879 862 921 multitudine
882 879 1111 930 sauciatur,
1131 884 1194 930 ut,
1215 879 1390 922 deficxis
1409 879 1452 920 in
1470 878 1673 920 lateribus

256 939 344 979 eius
364 938 534 992 spiculis
553 943 596 978 et
615 938 956 979 sustentantibus
975 938 1184 989 astilibus,
1204 939 1259 981 ad
1276 943 1434 979 terram
1451 951 1570 979 ruere
1588 950 1674 979 non

258 997 404 1050 possit.
442 998 661 1038 Interfecti
679 1002 779 1038 sunt
797 1002 840 1037 et
858 997 982 1050 pauci
1002 998 1073 1050 qui
1091 1010 1187 1037 cum
1205 1010 1254 1037 eo
1272 1003 1392 1038 erant
1410 997 1675 1051 expositique

256 1057 300 1098 in
322 1069 473 1110 campo
496 1056 635 1097 simul.
676 1057 756 1096 Pro
781 1057 933 1109 quibus
956 1057 1029 1096 vix
1053 1057 1278 1097 obtentum
1300 1057 1382 1097 fuit
1404 1070 1501 1099 cum
1523 1056 1676 1110 prinei-

258 1116 396 1169 pibus,
423 1121 472 1156 ut
498 1121 607 1156 terre
635 1116 930 1156 conderentur.
974 1116 1072 1156 Fuit
1099 1121 1244 1156 autem
1271 1116 1338 1156 hic
1363 1116 1407 1156 in
1432 1122 1532 1156 actu
1558 1115 1676 1166 levis,

188 1179 236 1214 15
259 1175 467 1216 avariciae
499 1175 678 1225 inhiens,
710 1188 850 1215 rerum
882 1175 1113 1216 alienarum
1144 1175 1257 1216 ultra
1288 1175 1462 1218 modum
1484 1175 1676 1229 cupidus,

259 1234 455 1275 omnibus
471 1234 615 1275 iurans
631 1239 674 1274 et
691 1234 796 1275 nulli
811 1234 997 1287 promisa
1013 1235 1262 1287 adimplens.
1297 1234 1414 1276 Uxor
1429 1239 1574 1276 autem
1589 1234 1677 1275 eius

260 1306 357 1334 cum
371 1293 470 1334 filiis
486 1293 610 1334 exilio
626 1294 729 1335 data
744 1298 822 1344 est,
838 1306 987 1346 resque
1002 1293 1112 1334 illius
1128 1294 1231 1334 fisco
1246 1293 1412 1334 conlate
1427 1298 1542 1334 sunt.
1570 1293 1678 1334 Mul·

259 1353 403 1393 titudo
419 1357 566 1393 autem
583 1352 676 1393 auri
692 1353 940 1405 argentique
959 1366 1007 1393 ac
1026 1353 1287 1395 diversarum
1305 1353 1514 1406 specirum
1529 1352 1575 1393 in
1590 1353 1678 1393 eius

260 1412 434 1464 regestis
456 1417 625 1465 reperta
647 1417 725 1452 est.
768 1412 849 1452 Sed
873 1417 916 1452 et
941 1425 1021 1464 que
1045 1412 1190 1452 subter
1213 1412 1507 1462 absconderat,
1530 1411 1679 1452 stimu-

191 1477 239 1510 20
260 1471 375 1512 lante
398 1471 658 1512 consciencia
680 1471 929 1523 iniquitates
952 1484 1039 1521 sue,
1062 1485 1151 1512 nun
1171 1471 1403 1511 latuerunt.
1441 1471 1608 1512 Ariolus
1630 1483 1678 1512 ac

262 1530 387 1571 sortis
405 1530 571 1583 saepius
589 1530 797 1580 utibatur‚
817 1542 868 1570 ex
889 1530 1042 1582 quibus
1060 1531 1206 1571 futura
1224 1543 1472 1583 cognuscere
1493 1530 1679 1584 cupiens,

261 1589 465 1630 remansit
495 1589 670 1630 inlusus,

513 1716 554 1757 4.
587 1716 677 1758 Aus
709 1716 804 1758 dem
831 1716 1124 1767 biirgcrlichen
1151 1716 1304 1758 Leben.

540 1811 583 1859 a)
616 1808 791 1849 sichar
823 1809 895 1858 (H.
914 1809 964 1849 F.
995 1809 1094 1859 νη,
1117 1809 1182 1849 47.
1205 1809 1288 1859 JX,
1311 1808 1395 1860 19).

195 1891 243 1926 25
347 1885 446 1935 VII,
467 1885 532 1926 47.
568 1885 725 1926 Gravia
751 1890 854 1925 tunc
881 1885 991 1925 inter
1016 1884 1245 1925 Toronicos
1271 1885 1383 1926 cives
1409 1885 1519 1926 bella
1543 1884 1682 1926 civilia

266 1949 552 1985 surrexerunt.
591 1944 701 1984 Nam
725 1944 951 1995 Sicharius,
976 1944 1176 1984 Iohannis
1199 1940 1415 1998 quondam
1434 1945 1560 1995 filius,
1581 1944 1683 1984 dum

267 2004 321 2046 ad
340 2003 496 2044 natalis
516 2003 717 2044 dominici
734 2003 938 2043 solemnia
956 2004 1071 2056 apud
1090 2003 1524 2057 Montalomagensem
1543 2003 1684 2044 vicum

267 2075 364 2103 cum
382 2063 695 2115 Austrighysilo
715 2063 982 2115 reliquosque
1003 2062 1196 2115 pagensis
1216 2063 1459 2113 celebraret,
1480 2062 1685 2115 presbiter

267 2121 348 2162 loci
371 2122 488 2161 misit
511 2135 690 2175 puerum
713 2122 767 2164 ad
791 2122 1030 2174 aliquorum
1053 2122 1274 2162 hominum
1295 2122 1612 2171 invitacionem,
1635 2125 1685 2162 ut

198 2187 246 2222 30
269 2181 323 2222 ad
338 2181 512 2222 domum
527 2181 616 2221 eius
630 2181 803 2224 bibendi
815 2181 957 2233 gracia
971 2181 1113 2221 venire
1129 2181 1335 2222 deberint.
1366 2180 1570 2222 Veniente
1586 2192 1685 2220 vero

270 2252 414 2292 puero,
442 2253 551 2280 unus
573 2253 630 2295 ⁴ex
657 2240 721 2280 his
751 2240 823 2292 qui
849 2239 1159 2290 invitabantur,
1187 2245 1380 2280 extracto
1405 2240 1562 2292 gladio,
1589 2252 1686 2280 eum

269 2299 390 2339 ferire
411 2311 497 2339 non
517 2299 685 2353 metuit.
729 2299 810 2352 Qui
830 2299 978 2339 statim
998 2299 1150 2339 cecidit
1171 2304 1213 2339 et
1233 2304 1423 2339 mortuos
1443 2304 1521 2339 est.
1564 2298 1686 2352 Quod

269 2371 367 2398 cum
390 2358 601 2399 Sicharius
622 2358 823 2409 audisset,
847 2358 919 2410 qui
939 2358 1146 2398 amicitias
1166 2371 1264 2398 611111
1284 2358 1515 2411 presbitero
1534 2358 1686 2398 retine-

270 2417 361 2467 bat,
387 2417 500 2469 quod
524 2417 682 2457 scilicet
705 2430 809 2470 puer
831 2417 920 2457 eius
943 2418 1070 2457 fuerit
1093 2417 1354 2467 interfectus,
1378 2422 1547 2470 arrepta
1569 2429 1687 2456 arma

201 2481 249 2516 35
272 2476 326 2518 ad
346 2476 539 2525 eclesiam
558 2476 681 2529 petit,
700 2476 1069 2528 Austrighyselum
1087 2476 1321 2529 opperiens.
1358 2476 1431 2516 Ille
1450 2481 1594 2517 autem
1611 2476 1686 2525 hec

272 2535 461 2585 audiens,
489 2535 752 2588 adprehenso
779 2548 993 2575 armorum
1019 2540 1214 2588 aparatu‚
1240 2540 1389 2575 contra
1414 2548 1511 2575 eum
1537 2535 1687 2587 diregit

272 2594 501 2646 Mixtisque
521 2595 730 2644 omnibus,
749 2607 846 2634 cum
864 2607 905 2633 se
925 2607 1021 2647 pars
1039 2599 1220 2646 utraque
1237 2594 1458 2634 conliderit
1478 2594 1687 2635 Sicharius

273 2652 383 2693 inter
399 2653 569 2693 clericus
587 2659 769 2706 ereptus,
787 2653 841 2693 ad
857 2653 1002 2693 villam
1018 2666 1137 2694 suam
1154 2653 1318 2705 effugit,
1334 2653 1489 2693 relictis
1505 2653 1548 2694 in
1563 2653 1688 2693 domo
1753 2687 1755 2690 ,

1777 439 1786 482 ‚i

1781 490 1786 505 Ι
