1786 3016
869 218 1080 260 -10-

272 335 456 389 corpori;
483 347 583 375 nam
611 335 851 376 nullatenus
879 336 1108 378 accedebat
1135 337 1391 378 confortatio
1418 341 1680 392 sumptuosa.

273 394 378 434 Erat
403 398 547 435 autem
573 399 616 435 et
642 395 760 436 dolor
783 395 924 447 gravis
947 399 1087 437 totam
1113 395 1257 436 alvum
1282 395 1508 449 penetrans
1532 401 1576 437 et
1600 396 1683 437 dis-

272 453 424 495 cedens
445 453 501 495 ad
522 453 607 504 ilia,
629 466 714 494 non
735 467 802 494 me
824 454 962 496 minus
984 467 1233 495 consumens
1253 459 1421 496 tortura
1441 468 1532 510 sua,
1555 467 1683 509 quam

271 512 400 553 febris
414 513 642 564 exegeratl.
675 513 864 566 Cumque
880 513 938 553 sic
954 519 1147 566 ageretur
1162 526 1342 564 mecum,
1356 519 1407 555 ut
1420 526 1506 555 non
1519 526 1684 556 reman-

227 575 248 610 5
273 571 394 612 sisset
426 584 518 624 spes
551 572 681 622 vitae,
713 572 786 613 sed
817 577 972 613 cuncta
1005 572 1312 626 deputarentur
1342 573 1386 614 in
1416 573 1576 624 funere,
1606 586 1684 615 nec

271 631 432 671 valeret
452 631 620 683 penitus
640 631 793 671 medici
812 631 1069 682 antidotum,
1092 644 1216 684 quem
1236 644 1347 672 mors
1366 632 1684 686 mancipaverat

273 690 327 732 ad
352 690 628 742 perdendum,
653 703 729 744 ego
753 690 840 743 ipse
865 690 916 731 de
940 704 1006 730 me
1032 691 1263 744 disperanS‚
1288 691 1440 731 vocavi
1461 691 1686 733 Armenta-

272 748 382 789 rium
407 748 667 790 archiatrum
694 755 736 790 et
763 749 856 791 dico
882 749 939 790 ei:
967 751 1161 791 ‘Omnem
1187 749 1401 802 ingenium
1426 750 1597 791 artificii
1619 750 1686 792 tui

272 807 515 862 inpendisti,
532 808 845 861 pigmentorum
862 809 1051 849 omnium
1067 809 1154 848 vim
1170 809 1258 860 jam
1274 809 1478 862 probasti,
1494 809 1568 852 sed
1581 809 1686 851 nihil

203 872 250 906 10
273 867 442 919 proficit
465 867 651 920 perituro
672 881 736 908 res
755 868 922 908 saeculi.
947 868 1090 908 Unum
1110 873 1245 908 restat
1269 868 1382 921 quod
1402 869 1577 920 faciam3
1598 881 1687 909 ma·

271 938 399 979 gnam
430 926 511 966 tibi
540 927 751 979 tyriacam
783 927 1018 969 ostendam.
1069 927 1290 967 Pulverem
1322 927 1372 970 de
1405 927 1688 968 sacratissimo

273 985 419 1028 domni
439 985 660 1038 sepulchro
681 986 924 1036 exhibeant,
946 991 989 1026 et
1010 986 1160 1028 exinde
1182 986 1286 1026 mihi
1306 986 1436 1027 facito
1456 987 1687 1040 potionem.

281 1044 404 1097 Quod
426 1044 460 1084 si
481 1045 560 1084 hoc
582 1057 667 1085 non
689 1045 884 1095 valuerit,
908 1045 1062 1085 amissa
1084 1050 1183 1086 sunt
1206 1045 1347 1088 omnia
1368 1045 1577 1088 evadendi
1597 1059 1689 1099 per-

273 1103 418 1156 fugia.'
449 1104 566 1144 Tunc
597 1104 724 1145 misso
755 1103 932 1146 diacono
962 1105 1017 1147 ad
1047 1105 1312 1146 antedictum
1342 1105 1459 1145 beati
1488 1104 1689 1158 praesolis

203 1167 251 1202 15
274 1163 502 1212 tumulum,
524 1163 574 1205 de
594 1168 862 1203 sacrosancto
882 1163 1052 1216 pulvere
1072 1164 1279 1214 exhibuit,
1300 1163 1568 1217 dilutumque
1585 1163 1690 1204 mihi

275 1227 504 1274 porregunt
527 1222 582 1263 ad
604 1222 850 1264 bibendum.
897 1223 989 1275 Quo
1012 1223 1180 1273 hausto,
1204 1235 1303 1263 mox
1328 1223 1442 1264 omni
1464 1223 1606 1266 dolore
1628 1236 1690 1263 se-

275 1281 391 1331 dato,
414 1281 643 1321 sanitatem
664 1282 792 1334 recipi
813 1282 863 1324 de
884 1282 1064 1322 tumulo.
1104 1282 1154 1322 In
1177 1294 1260 1334 quo
1279 1286 1370 1322 tam
1391 1294 1588 1335 praesens
1607 1282 1690 1323 fuit

282 1340 549 1391 beneficium,
575 1345 638 1391 ut,
664 1353 762 1381 cum
787 1340 830 1382 id
856 1345 1000 1382 actum
1025 1341 1153 1381 fuerit
1178 1341 1281 1381 hora
1305 1341 1447 1392 tertia,
1473 1341 1691 1382 incolomis

277 1399 545 1452 procederem
573 1400 626 1441 ad
655 1400 901 1440 convivium
928 1400 1019 1453 ipsa
1046 1400 1112 1441 die
1139 1400 1194 1441 ad
1222 1405 1402 1442 sextam.

205 1465 252 1498 20
357 1458 504 1499 Visum
528 1463 591 1498 est
615 1463 658 1498 et
681 1459 759 1499 hoc
782 1459 960 1499 inserere
983 1459 1168 1509 lectioni,
1196 1459 1376 1512 qualiter
1398 1472 1465 1499 me
1491 1459 1604 1500 Deus
1627 1471 1692 1500 ar-

274 1517 425 1569 guerit,
452 1531 503 1557 ne
530 1522 628 1557 ante
655 1531 721 1557 me
747 1518 1037 1571 permitterem
1063 1518 1216 1559 stultos
1243 1523 1286 1558 et
1311 1518 1454 1559 faciles
1479 1518 1530 1560 de
1555 1517 1691 1559 beatis

276 1577 532 1618 solemnibus
562 1577 812 1617 obtrectare.
860 1577 909 1617 In
937 1577 1121 1617 crastino
1149 1582 1308 1628 autem,
1338 1582 1567 1630 postquam
1595 1589 1692 1618 con-

275 1636 404 1686 valui,
429 1636 495 1677 die
520 1636 730 1677 dominico
754 1636 808 1678 ad
832 1636 1005 1676 missam
1029 1637 1214 1686 veniens,
1239 1637 1475 1677 nolens'me
1498 1637 1691 1689 fatigare,

245 1714 247 1717 >
276 1694 350 1735 uni
369 1694 675 1747 prebiterorum
694 1695 872 1748 gloriosa
892 1696 1095 1735 solemnia
1113 1695 1348 1735 caelebrare
1367 1695 1574 1749 praecepi.
1611 1695 1693 1737 Sed

206 1759 254 1793 25
277 1766 374 1795 cum
401 1753 607 1807 presbiter
633 1754 700 1794 ille
728 1754 868 1795 nescio
898 1754 998 1807 quid
1025 1755 1179 1795 rustice
1207 1755 1362 1794 festiva
1389 1755 1519 1795 verba
1545 1754 1693 1808 depro-

276 1817 424 1863 meret,
455 1813 580 1853 multi
609 1826 705 1855 eum
736 1814 786 1853 de
817 1814 971 1854 nostris
1002 1814 1179 1856 inridere
1210 1818 1454 1867 coeperunt,
1485 1813 1692 1855 dicentes:

278 1872 440 1912 ‘Melius
471 1872 620 1912 fuisset
650 1877 789 1912 tacere
814 1886 943 1925 quam
965 1873 1022 1912 sic
1044 1872 1200 1913 inculte
1217 1872 1362 1926 loqui.’
1398 1873 1531 1913 Nocte
1548 1876 1693 1913 autem

278 1931 469 1971 insecuta
486 1931 574 1973 vidi
592 1931 730 1971 virum
749 1932 959 1972 dicentem
976 1932 1099 1972 mihi:
1119 1932 1196 1972 ‘De
1214 1932 1425 1985 mysteriis
1445 1931 1522 1972 Dei
1537 1943 1695 1985 nequa-

280 2003 408 2043 quam
433 1990 768 2043 disputandum.’
809 1991 958 2031 Testor
983 1991 1134 2041 Deum,
1161 1991 1259 2043 quia
1283 1991 1361 2031 hoc
1385 2004 1410 2031 a
1432 2003 1499 2030 me
1522 2003 1607 2030 non
1630 1995 1695 2030 est

208 2055 255 2089 30
278 2049 582 2102 compositum3
602 2050 674 2091 sed
692 2050 784 2102 ipsa
803 2050 932 2090 verba
953 2063 1060 2102 quae
1081 2050 1226 2091 audivi
1245 2050 1365 2090 vobis
1384 2050 1572 2102 exposui.
1609 2049 1696 2090 Un-

278 2108 344 2159 de,
369 2108 643 2158 dilectissimi,
667 2109 806 2149 nullus
831 2109 881 2149 de
905 2109 983 2148 hoc
1007 2109 1224 2162 mysterio,
1248 2109 1378 2148 etiam
1401 2109 1436 2148 si
1457 2108 1611 2149 rustice
1634 2108 1697 2148 vi-

279 2167 430 2209 deatur
449 2168 545 2218 dici,
565 2168 780 2220 disputare
800 2172 1058 2220 praesumat,
1081 2169 1179 2220 quia
1197 2168 1312 2220 apud
1332 2168 1409 2208 Dei
1428 2168 1696 2210 maiestatem

278 2227 411 2279 magis
439 2227 685 2279 simplicitas
713 2239 818 2279 pura
847 2240 975 2279 quam
1002 2227 1348 2280 philosophorum
1373 2227 1489 2267 valet
1515 2227 1695 2279 argutia.

209 2349 257 2384 35
572 2325 629 2384 ⁵5.
666 2344 865 2397 Kopjweh
894 2344 1184 2395 (Martinus
1207 2343 1266 2395 ΙΙ,
1289 2344 1372 2395 60).

363 2427 420 2466 Et
450 2427 548 2479 quia
576 2427 689 2480 prior
715 2427 881 2467 libellus
910 2426 963 2467 ab
992 2439 1041 2466 eo
1068 2431 1257 2479 tempore
1285 2427 1479 2468 initiatus
1506 2431 1585 2478 est,
1615 2439 1697 2480 quo

282 2486 484 2526 Paulinus
516 2486 703 2539 reliquit,
737 2490 780 2526 et
813 2486 892 2526 sub
928 2485 1210 2539 quadraginta
1242 2485 1438 2538 capitulis
1471 2486 1698 2526 constabat

282 2545 496 2598 impletus,
531 2545 742 2587 destinavi
775 2544 872 2585 huic
905 2544 1122 2597 inceptum
1155 2544 1199 2585 in
1232 2545 1452 2597 sexaginta
1485 2545 1697 2598 conplere3

310 2652 325 2674 1
354 2654 492 2690 <me>
509 2652 691 2687 exederat
712 2664 819 2687 verm.
844 2653 999 2687 Bonnet.
