1786 3016
710 238 931 279 -63-

103 356 187 399 lica
205 359 453 399 sanctorum
473 355 655 410 Crispini
675 361 808 411 atque
829 357 1084 412 Crispiniani
1105 363 1346 412 martyrum
1366 361 1537 414 sepelie-

104 420 221 460 runt.
261 414 442 470 Magnus
469 428 639 470 quoque
663 416 732 457 hic
757 417 955 470 planctus
982 418 1098 459 omni
1123 419 1283 472 populo
1307 419 1411 471 fuit;
1436 433 1538 461 nam

105 475 188 519 viri
217 475 412 529 lugentes
445 475 727 529 mulieresque
761 476 1010 518 lucubribus
1044 478 1312 519 vestimentis
1346 479 1537 530 indutae,

105 542 158 580 ut
177 530 286 578 solet
305 535 351 590 in
370 535 600 589 coniugum
621 537 835 589 exsequiis
855 536 963 588 fieri,
985 537 1048 577 ita
1069 537 1149 578 hoc
1171 538 1299 579 funus
1321 543 1422 580 sunt
1444 552 1538 592 pro-

107 600 292 639 secutae.
331 594 471 638 Multa
496 599 646 649 postea
671 595 930 650 Chilpericus
955 609 1030 637 rex
1055 597 1215 638 eclesiis
1240 597 1328 638 sive
1353 597 1536 639 basilicis
1559 604 1580 639 5

107 656 176 699 vel
199 654 462 710 pauperihus
484 659 550 696 est
571 655 764 708 largitus.

148 768 151 771 Ι
191 715 272 767 ῙΧ,
291 713 359 756 30.
391 714 687 757 Childebertus
721 728 822 756 vero
854 728 929 756 rex
963 715 1226 770 discriptoris
1259 717 1304 758 in
1338 717 1539 768 Pectavo,

107 775 323 819 invitante
349 774 551 816 Maroveo
577 775 791 828 episcopo,
818 775 942 816 iussit
969 775 1099 827 abire,
1128 776 1170 818 id
1198 780 1264 817 est
1291 776 1541 819 Florientia-

107 847 228 888 num,
245 834 451 876 maiorem
468 834 620 876 domus
638 835 794 887 regine,
813 841 857 876 et
880 836 1142 887 Romulfum‚
1163 836 1312 890 palatii
1330 836 1395 877 sui
1413 837 1541 877 comi-

107 901 214 947 tem,
230 899 282 936 ut
297 893 457 936 scilicet
474 895 656 948 populus
673 908 862 946 censum,
882 908 1009 948 quem
1025 900 1217 949 tempore
1235 900 1378 949 patres
1395 896 1541 936 redde·
1563 902 1612 936 10

108 955 208 1007 ret¹‚
229 955 347 996 facta
365 954 531 995 ratione
551 955 774 1006 innovata,
795 955 970 998 reddere
992 955 1179 997 deberet.
1216 956 1344 997 Multi
1362 956 1542 1005 <enim>

109 1028 163 1057 ex
182 1015 248 1056 his
268 1013 462 1057 defuncti
481 1014 667 1066 inerant,
689 1020 733 1056 et
754 1014 810 1056 ob
830 1015 909 1056 hoc
930 1015 1070 1057 viduis
1092 1015 1336 1069 orfanisque
1357 1028 1406 1056 ac
1427 1015 1542 1058 debi-

109 1075 222 1117 libus
251 1073 426 1116 tribuit’
455 1074 623 1128 pondus
654 1075 874 1116 insiderat.
929 1075 1053 1129 Quod
1085 1075 1129 1115 hi
1160 1075 1437 1117 discutientes
1469 1089 1543 1129 per

111 1135 318 1186 ordinem,
334 1134 602 1175 relacxantes
621 1147 828 1189 pauperes
846 1148 895 1176 ac
923 1134 1132 1186 infirmus,
1163 1135 1256 1175 illos
1288 1148 1394 1188 quos
1423 1135 1543 1176 iusti-

110 1195 201 1236 ciae
227 1193 422 1236 condicio
448 1194 703 1236 tributarius
731 1195 865 1236 dabat
892 1207 1018 1236 censo
1046 1195 1215 1248 publico
1245 1195 1540 1236 subdiderunt.
1564 1199 1614 1235 15

112 1255 171 1296 Et
193 1254 253 1296 sic
275 1254 485 1295 Thoronis
509 1260 610 1295 sunt
634 1255 770 1295 dilati.
813 1255 895 1297 Sed
919 1268 1018 1296 cum
1042 1255 1242 1308 populus⁸
1265 1255 1539 1296 tributariam

110 1314 377 1356 functionem
395 1314 585 1367 infligere
605 1315 778 1365 vellent,
799 1315 1002 1366 dicentes,
1024 1315 1124 1367 quia
1142 1315 1298 1356 librum
1318 1328 1390 1368 pre
1410 1315 1545 1354 mani-

71 1405 75 1408 <
111 1374 192 1416 bus
207 1373 429 1426 haberent,
449 1374 631 1428 qualiter
647 1374 726 1416 sub
743 1375 1006 1415 anteriorum
1022 1387 1169 1428 regum
1185 1379 1378 1427 tempore
1396 1374 1544 1415 dissol-

111 1435 288 1486 vissent,
304 1434 602 1487 respondimus
618 1447 710 1486 nos,
729 1434 937 1476 dicentes:
957 1448 974 1474 «
991 1434 1250 1488 Discriptam
1267 1434 1417 1475 urbem
1433 1434 1544 1474 Tho·

111 1494 301 1536 rom'cam
331 1494 552 1535 Chlothari
581 1495 689 1547 regis
719 1499 911 1548 tempore
943 1494 1220 1535 manifestum
1250 1499 1329 1545 est,
1360 1494 1540 1546 librique
1564 1499 1614 1534 20

111 1554 174 1596 illi
197 1554 252 1595 ad
277 1554 385 1607 regis
410 1554 697 1608 praesentiam
722 1554 941 1606 abierunt;
967 1554 1054 1605 sed,
1081 1554 1367 1608 componctho
1393 1567 1466 1607 per
1490 1554 1544 1594 ti·

113 1626 276 1655 morem
290 1614 429 1655 sancti
444 1614 619 1655 Martini
635 1615 860 1655 antestites
876 1615 976 1667 regi,
993 1614 1153 1655 incensi
1169 1619 1283 1655 sunt.
1317 1615 1419 1654 Post
1435 1626 1546 1653 mor-

112 1679 203 1716 tem
226 1686 328 1715 vero
353 1673 564 1716 Chlottari
587 1674 696 1727 regis
721 1674 971 1715 Chariberto
995 1675 1082 1727 regi
1107 1673 1290 1728 populus
1314 1673 1383 1714 hic
1408 1685 1546 1713 sacra-

113 1738 310 1775 mentum
329 1733 470 1786 dedit;
492 1734 685 1775 similiter
705 1735 836 1775 etiam
857 1740 900 1775 et
921 1734 989 1775 ille
1010 1747 1109 1775 cum
1129 1734 1369 1774 iuramento
1390 1732 1546 1786 promi-

115 1793 185 1846 sit,
202 1799 253 1836 ut
268 1793 371 1847 legis
387 1794 800 1847 consuetudinesque
817 1807 952 1835 novas
969 1793 1191 1848 <populo>
1214 1807 1302 1834 nun
1320 1793 1545 1847 infligeret,
1569 1797 1618 1832 25

115 1858 181 1895 set
210 1854 256 1895 in
285 1853 372 1904 illo,
407 1866 492 1906 quo
526 1855 743 1907 quondam
777 1855 856 1895 sub
889 1854 1023 1907 patris
1057 1853 1395 1896 dominationem
1427 1858 1545 1893 statu

114 1913 298 1964 vixerat,
313 1913 357 1954 in
370 1913 464 1967 ipso
477 1913 544 1954 hic
559 1927 629 1954 eos
645 1914 842 1967 deinceps
856 1914 1079 1965 retineret3
1095 1926 1232 1966 neque
1246 1913 1379 1954 ullam
1389 1925 1547 1954 novam

116 1973 429 2015 ordinationem
459 1987 500 2014 se
530 1973 795 2015 inflicturum
825 1987 950 2028 super
979 1987 1063 2024 eos,
1096 1973 1210 2026 quod
1241 1972 1463 2026 pertinerit
1492 1971 1547 2012 ad

114 2033 339 2088 espolium,
364 2033 610 2086 spopondit.
655 2034 783 2076 Gaiso
808 2046 924 2084 vero,
949 2046 1090 2074 comes
1116 2033 1305 2074 eiusdem
1328 2031 1547 2086 temporiS‚

116 2098 294 2148 accepto
332 2093 573 2147 capitulari,
616 2107 742 2146 quem
782 2094 1014 2134 anteriores
1055 2093 1362 2146 subscriptores
1401 2092 1547 2132 fecisse
1572 2095 1620 2130 30

116 2153 564 2204 cummemoravimus,
600 2153 766 2195 tributa
803 2154 916 2207 cepit
940 2166 1127 2206 exegere.
1172 2152 1253 2194 Sed
1278 2152 1333 2192 ab
1359 2152 1549 2205 Eophro·

116 2213 189 2255 nio
217 2213 416 2267 episcopo
446 2217 518 2267 pr<
532 2213 769 2264 oh>ibitus,
801 2226 898 2254 cum
928 2218 1081 2253 exacta
1111 2212 1327 2266 pravitate
1358 2211 1413 2254 ad
1442 2210 1549 2263 regis

118 2273 274 2315 direxit
300 2273 577 2327 presenciam,
605 2274 834 2314 ostendens
859 2272 1176 2326 capitularium,
1203 2271 1248 2312 in
1275 2284 1359 2324 quo
1385 2271 1549 2312 tributa

117 2332 464 2374 continebantur.
515 2333 597 2374 Sed
626 2346 701 2374 rex
730 2333 1009 2386 ingemiscens
1039 2345 1088 2372 ac
1118 2337 1313 2372 metuens
1343 2331 1550 2371 virtutem

117 2393 257 2435 sancti
285 2392 474 2443 Martini,
500 2393 641 2446 ipsum
666 2393 928 2434 incendium⁴
953 2392 1162 2442 tradedit3
1193 2404 1345 2432 aureus
1374 2395 1551 2431 exactus
1573 2393 1622 2428 35

118 2452 290 2494 basilice
309 2453 447 2494 sancti
466 2453 640 2494 Martini
659 2453 836 2503 remisit,
857 2452 1078 2493 obtestans
1096 2457 1146 2492 ut
1164 2451 1304 2491 nullus
1324 2451 1374 2490 de
1394 2450 1551 2503 populo

119 2513 357 2554 Thoronico
388 2513 523 2553 ullum
553 2513 768 2554 tributum
800 2512 1018 2566 publicum
1049 2511 1250 2551 redderit.
1300 2511 1402 2551 Post
1432 2509 1551 2550 cuius

121 2572 287 2614 obitum
313 2572 563 2626 Sigybertus
586 2586 659 2613 rex
683 2573 792 2613 hanc
815 2572 965 2613 urbem
988 2571 1129 2612 tenuit
1152 2584 1228 2611 nec
1250 2570 1376 2610 ullius
1398 2569 1551 2610 tributi

197 2700 212 2722 ¹
238 2699 531 2736 reddiderat.
560 2720 595 2724 —
623 2699 638 2720 2
668 2699 854 2734 tributi.
881 2719 919 2724 —
946 2698 960 2720 ³
989 2697 1189 2744 populis.
1213 2716 1259 2722 —
1280 2696 1294 2717 ⁴¹
1323 2694 1551 2731 incendio.
