1786 3016
658 225 891 267 —53—

14 392 15 396 Ἰ
29 391 42 397 ‘-
52 341 300 413 mmmm
311 356 442 398 seque
454 343 561 384 mihi
573 344 692 385 tam
680 358 725 385 m
738 345 876 386 causis
892 344 1071 399 propriis
1089 358 1217 398 quam
1231 346 1275 386 in
1289 346 1487 387 ecclesiae

4 391 408 454 ‘affitibus'
395 417 440 445 m
458 403 657 445 omnibus
676 417 764 446 esse
784 404 969 446 fidelem.
1004 405 1202 445 Timebat
1221 405 1348 456 enim,
1369 406 1485 459 quod

19 462 207 519 Ι«ῑροῦίῦο
227 462 388 515 evenit,
411 475 465 504 ne
488 462 639 505 urbem
661 462 781 504 illam
804 463 960 505 iterum
983 477 1057 504 rex
1086 464 1353 517 Sigibertus
1342 479 1386 506 ln
1410 478 1487 506 suo

20 534 31 569 j
53 521 244 569 dominio
266 527 503 564 revocaret.
552 523 646 577 Quo
672 523 891 574 defuncto,
918 523 1168 564 succedente
1194 524 1350 565 iterum
1375 525 1486 565 Chil-

26 583 33 622 ,ζ
51 582 255 639 periooin
265 595 411 636 regno,
425 582 506 624 iste
520 582 564 623 in
578 583 834 624 comitatum
849 583 1027 625 accedit.
1057 583 1324 625 Adveniente
1339 589 1484 624 autem
1507 590 1528 625 5

15 640 251 697 ᾗΤιιιοιιιιῦ
275 642 544 693 Merovecho,
574 654 720 683 omnes
747 655 812 683 res
841 643 929 683 eius
957 656 1266 696 usquequaque
1294 643 1484 696 diripuit.

3 700 142 749 „sed
164 701 250 754 hic,
273 701 378 745 dum
405 701 641 756 Sigibertus
666 702 772 744 duos
797 715 930 743 annos
955 703 1149 743 Turonus
1173 703 1328 753 tenuit,
1353 703 1454 743 hic
1444 717 1488 743 1n

57 759 282 805 Brittaniis
296 761 442 803 latuit.
481 761 578 815 Qui,
595 762 810 813 adsumto,
827 767 877 803 ut
894 762 1093 812 diximus,
1111 762 1361 813 comitatu,
1351 777 1395 803 1n
1411 763 1488 803 tali

43 821 235 863 levitate
253 821 392 862 elatus
409 826 490 872 est,
509 826 559 862 ut
578 821 622 862 in
641 821 769 863 domo
788 822 986 862 ecclesiae
1006 835 1103 862 curn
1122 822 1338 863 toracibus
1358 827 1488 875 atque

12 879 211 935 '‘loricis‚
232 880 501 936 praecinctus
524 881 725 935 pharetra
748 886 791 922 et
812 887 990 923 contum
1011 895 1141 922 manu
1163 895 1325 935 gerens,
1348 882 1488 935 capite
1511 889 1560 922 10

10 946 14 949 '
19 940 227 995 galeato
241 940 546 994 ingrederetur,
565 941 617 981 de
635 940 752 982 nullo
769 954 954 992 securus,
975 941 1074 994 quia
1092 941 1288 982 omnibus
1307 947 1398 982 erat
1416 942 1489 982 ad-

0 987 22 1047 J
56 1000 350 1042 versus.1am
366 1000 402 1041 si
419 1000 465 1041 in
481 1000 638 1043 iudicio
657 1013 755 1041 cum
773 1001 1007 1042 senioribus
1026 1001 1093 1041 vel
1111 1001 1227 1041 laicis
1246 1001 1313 1041 vel
1333 1001 1490 1042 clericis

0 1048 25 1108 ᾗ
56 1059 283 1102 resedisset
301 1064 347 1101 et
366 1059 544 1101 vidisset
564 1060 781 1101 hominem
801 1061 1011 1101 iustitiam
1033 1066 1376 1128 prosequentem,
1397 1074 1491 1114 pro-

1 1123 17 1174 ξ
57 1119 176 1163 tinus
197 1118 439 1187 agebatur
428 1134 473 1161 m
495 1120 642 1171 furias,
665 1120 867 1161 ructabat
890 1120 1082 1161 convicia
1105 1120 1149 1161 in
1171 1120 1355 1171 civibus;
1379 1133 1492 1174 pres-

0 1180 13 1206 ='
58 1178 219 1221 biteros
243 1179 422 1220 manicis
447 1179 626 1220 iubebat
651 1180 834 1230 extrahi,
862 1180 1017 1221 milites
1044 1180 1231 1221 fustibus
1257 1180 1562 1230 verberari315

14 1288 17 1290 ,
58 1243 316 1293 tantamque
334 1239 540 1281 utebatur
558 1239 871 1290 crudelitatem,
890 1245 941 1280 ut
960 1240 1032 1280 vix
1051 1240 1196 1280 referri
1214 1240 1362 1293 possit.
1401 1240 1493 1280 Dis·

0 1334 8 1354 „
59 1298 239 1342 cedente
261 1303 409 1341 autem
431 1299 698 1350 Merovecho,
725 1299 798 1352 qui
820 1313 886 1340 res
909 1300 997 1340 eius
1022 1299 1257 1353 diripuerat
1279 1299 1401 1341 nobis
1425 1313 1492 1340 ca-

59 1358 294 1401 lumniator
329 1359 492 1410 existit,
529 1359 728 1400 adserens
764 1359 973 1400 fallaciter
1010 1360 1312 1400 Merovechum
1347 1364 1493 1400 nostro

8 1447 9 1451 ,
61 1430 189 1460 usum
210 1418 400 1470 consilio,
423 1423 474 1460 ut
496 1431 562 1459 res
585 1419 674 1459 eius
697 1419 898 1460 auferret.
941 1419 1023 1460 Sed
1047 1425 1145 1472 post
1167 1419 1303 1460 inlata
1335 1419 1493 1459 damna

7 1499 9 1501 ·
60 1477 191 1519 iterat
211 1477 369 1519 iterum
392 1484 661 1519 sacramenta
683 1479 927 1532 pallamque
950 1479 1161 1532 sepulchri
1183 1479 1299 1519 beati
1321 1479 1495 1520 Martini
1516 1484 1566 1518 20

15 1581 19 1584 ,
61 1537 357 1580 fideiussorem
375 1533 538 1589 ¹donat,
570 1551 612 1578 se
644 1538 767 1579 nobis
799 1551 1037 1591 numquam
1070 1539 1411 1579 adversaturum.

91 1597 211 1639 ⁴49.
245 1597 327 1639 Sed
354 1597 456 1651 quia
478 1598 653 1665 longum
679 1603 743 1638 est
770 1611 843 1651 per
869 1598 1061 1638 ordinem
1088 1598 1287 1651 prosequi
1313 1597 1495 1651 periuria

38 1661 46 1690 ἴ
63 1656 133 1698 vel
152 1656 318 1710 reliqua
338 1657 453 1698 mala
474 1657 577 1708 eius,
601 1658 823 1700 veniamus
846 1658 900 1700 ad
922 1658 1040 1708 illud,
1066 1658 1248 1710 qualiter
1270 1671 1336 1698 me
1359 1654 1536 1698 voluit
1554 1657 1558 1659 ’

8 1713 22 1733 '⁸
62 1715 221 1770 iniquis
238 1729 289 1758 ac
305 1717 478 1758 nefariis
495 1717 718 1758 calumniis
737 1718 1029 1771 supplantare,
1048 1718 1115 1757 vel
1136 1717 1346 1770 qualiter
1336 1732 1381 1758 ln
1398 1730 1496 1758 eum

4 1784 6 1786 ’
62 1775 173 1819 ultio
201 1775 348 1818 divina
375 1763 610 1828 descendlt,
639 1782 689 1818 ut
716 1777 821 1818 illud
851 1777 1175 1831 adimpleretur:
1207 1778 1370 1819 Omnis
1399 1776 1497 1818 sub·
1519 1782 1567 1818 25

4 1868 6 1882 ,
63 1835 267 1890 plantans
289 1836 676 1890 subplantabitur’3
700 1842 744 1877 et
766 1837 942 1878 iterum·
968 1837 1072 1890 Qui
1094 1837 1205 1878 fodit
1227 1838 1413 1888 foveam,
1435 1836 1498 1877 in-

0 1908 2 1910 ’
63 1894 201 1938 cidit
189 1909 235 1936 ιιι
254 1899 317 1937 ea'
323 1928 333 1937 .
373 1896 509 1950 Igitur
529 1902 628 1950 post
648 1897 786 1937 multa
806 1897 920 1937 mala
942 1910 1050 1950 quae
1071 1897 1115 1937 in
1136 1910 1202 1937 me
1224 1897 1413 1949 meisque
1434 1896 1497 1937 in-

0 1961 2 1965 “
64 1955 183 2009 tulit,
197 1961 296 2010 post
309 1956 469 1997 multas
483 1955 742 2010 direptiones
758 1969 898 1997 rerum
914 1956 1308 2008 ecclesiasticarum,
1325 1957 1498 1998 adiunc-

65 2019 119 2057 to
130 2014 213 2057 sihi
233 2011 401 2057 Riculfo
419 2015 654 2070 presbitero
673 2016 799 2056 simili
818 2016 983 2057 malitia
1002 2029 1214 2069 perverso,
1234 2016 1289 2057 ad
1308 2017 1388 2057 hoc
1406 2029 1499 2056 eru-

66 2074 218 2129 pit‚‚ut
237 2075 411 2127 diceret,
432 2088 499 2116 me
521 2076 681 2116 crimen
701 2076 744 2116 in
768 2076 1089 2128 Fredegundem
1109 2076 1299 2129 reginam
1321 2075 1498 2126 dixisse3
1521 2082 1570 2116 30

65 2134 280 2186 adserens,
305 2135 341 2176 si
363 2135 687 2176 archidiaconus
711 2148 830 2176 meus
857 2136 981 2176 Plato
1005 2141 1082 2177 aut
1111 2136 1311 2177 Galienus
1336 2135 1498 2177 amicus

67 2199 214 2236 noster
233 2194 510 2236 subdirentur
532 2208 708 2249 poenae,
731 2196 1033 2236 convincerent
1054 2208 1121 2236 me
1143 2196 1294 2249 utique
1315 2196 1420 2236 haec
1440 2195 1500 2236 lo-

67 2252 232 2296 cutum.
264 2254 384 2296 Tunc
400 2268 475 2296 rex
492 2255 642 2306 iratus,
660 2261 710 2296 ut
727 2269 855 2309 supra
873 2255 1073 2306 diximus,
1091 2255 1215 2296 iussit
1232 2268 1330 2296 eum
1348 2254 1499 2309 pugnis

68 2313 339 2368 calcibusque
354 2327 525 2356 caesum
539 2320 850 2368 oneratumque
865 2315 1027 2356 catenis
1041 2314 1201 2357 recludi
1216 2315 1259 2356 in
1274 2327 1498 2356 carcerem.

72 2373 183 2415 Nam
212 2373 427 2416 Riculfum
451 2375 650 2416 clericum
677 2388 719 2414 se
746 2375 900 2415 habere
928 2374 1114 2426 dicebat,
1141 2388 1215 2428 per
1243 2388 1370 2428 quem
1396 2375 1499 2415 haec
1523 2380 1571 2415 35

68 2433 238 2475 locutus
253 2433 417 2476 fuisset.
453 2434 533 2475 Hic
549 2448 650 2475 vero
672 2434 861 2475 Riculfus
878 2434 1164 2475 subdiaconus
1181 2434 1308 2474 simili
1322 2434 1500 2475 levitate

71 2492 296 2548 perfacilis,
314 2499 415 2535 ante
433 2494 513 2535 hoc
532 2507 645 2535 anno
663 2494 839 2535 consilio
856 2507 954 2534 cum
973 2494 1185 2537 Leudaste
1205 2494 1256 2534 de
1275 2495 1356 2535 hac
1372 2507 1501 2535 causa

70 2552 235 2604 habito,
252 2566 403 2594 causas
421 2554 667 2595 offensionis
685 2554 878 2606 requirit,
900 2554 1053 2607 quibus
1073 2554 1233 2594 scilicet
1251 2567 1317 2594 me
1337 2554 1501 2594 offenso

71 2612 128 2655 ad
152 2612 410 2655 Leudastem
434 2613 656 2665 transiret3
689 2614 941 2666 nanctisque
967 2613 1158 2664 tandem,
1184 2613 1324 2667 ipsum
1350 2613 1501 2663 adivit,

72 2680 218 2728 ac‘per
248 2685 413 2714 menses
437 2678 643 2726 quattuor
665 2673 784 2716 dolos
807 2686 952 2714 omnes
975 2686 1024 2714 ac
1047 2673 1305 2727 muscipulas
1328 2686 1504 2727 praepa-
1525 2678 1573 2712 40

0 2243 19 2421 &75:473-
0 2103 13 2219 ‘C‘⁵⁴(⁴‘
0 2074 8 2090 »⁴
6 2043 11 2050 ‚

0 2429 12 2459 *i

0 2473 11 2497 Ξ

0 2499 10 2562 ἕ

5 2563 19 2589 l

0 2591 19 2667 ἕ
