1786 3016
889 241 1102 283 -30-

273 359 341 399 rit.
361 359 462 401 »Ad
479 359 582 400 haec
598 359 666 400 ille
684 359 896 410 frendens,
914 359 1043 400 siluit.
1081 360 1175 400 Non
1193 365 1290 413 post
1308 360 1466 402 multos
1484 372 1586 401 vero
1603 359 1693 404 dies

273 418 501 461 adveniens
530 418 686 469 Salvio,
711 418 922 459 Albiensis
946 419 1183 472 episcopus,
1208 419 1311 460 haec
1336 419 1374 460 ei
1399 419 1607 473 praecipit
1629 432 1694 460 re·

274 477 444 527 censire,
468 477 729 531 dipraecans,
752 483 802 518 ut
825 477 904 518 sibi
926 483 1233 518 consentaneus
1256 478 1394 519 fieret.
1441 477 1564 532 Quod
1586 477 1694 520 haec

273 536 341 576 ille
364 536 553 588 audiens,
575 537 638 577 ita
659 537 835 590 respuit,
858 542 922 587 ut,
946 537 981 577 si
1003 537 1212 588 cartham,
1235 537 1279 577 in
1303 549 1388 590 qua
1410 537 1514 578 haec
1535 537 1696 578 scribta

234 601 254 635 5
276 595 546 646 tenebantur,
566 596 775 649 potuisset
793 596 1016 648 attingere,
1034 596 1079 636 in
1097 597 1255 637 frustra
1273 596 1528 650 decerperet.
1564 596 1622 637 Et
1637 596 1697 637 sic

274 667 348 695 rex
370 655 424 695 ab
446 655 524 695 hac
544 655 780 695 intentione
805 655 981 707 quievit.
1023 655 1198 708 Scripsit
1218 655 1322 695 alios
1341 655 1470 696 libros
1489 655 1604 698 idem
1622 667 1713 696 rex·

275 714 479 765 versibus,
502 715 621 767 quasi
643 714 852 755 Sidulium
871 719 1062 761 secutus:
1082 714 1155 756 sed
1174 714 1369 755 versiculi
1387 714 1447 755 illi
1465 713 1582 756 nulla
1600 726 1698 768 pae-

275 773 390 813 nitus
411 774 610 814 metricae
633 773 892 814 conveniunt
912 774 1091 814 ratione.
1128 773 1269 822 Addi<
1281 773 1324 815 di
1336 776 1379 822 >t
1399 777 1545 814 autem
1564 778 1609 815 et
1627 771 1698 814 lit-

275 837 387 872 teras
410 832 562 873 litteris
586 832 754 883 nostris,
779 833 822 875 id
846 838 910 873 est
933 845 981 883 ω,
1017 833 1126 873 sicut
1154 833 1301 873 Graeci
1324 832 1499 884 habent,
1522 845 1586 883 ae,
1608 832 1698 883 the,

206 898 254 931 10
276 891 364 942 uui,
381 904 559 944 quarum
574 892 835 932 characteres
849 892 908 931 hii
922 897 1040 932 sunt:
1055 893 1121 942 (0¹,
1138 890 1200 943 Ψ,
1213 893 1260 942 Ζ,
1275 887 1328 932 Δ.
1349 892 1406 932 Et
1419 891 1535 933 misit
1544 891 1700 944 episto-

275 950 337 990 las
356 951 400 990 in
418 951 624 991 universis
645 951 893 991 civitatibus
911 951 1028 1003 regni
1048 951 1126 1002 sui,
1146 956 1197 992 ut
1216 951 1274 991 sic
1294 951 1413 1004 pueri
1432 951 1698 1002 docerentur,

278 1022 327 1050 ac
355 1010 451 1050 libri
480 1010 719 1063 antiquitus
749 1010 908 1061 scribti,
939 1010 1104 1063 planati
1134 1010 1327 1063 pumicae
1357 1009 1698 1051 rescriberentur.

513 1128 558 1179 d)
589 1128 906 1181 Chilperichs
938 1129 1074 1171 Ende
1107 1129 1179 1179 (H.
1199 1129 1249 1169 F.
1279 1128 1352 1179 VJ,
1375 1128 1459 1179 46).

363 1211 437 1250 His
469 1211 614 1263 itaque
647 1224 744 1253 cum
775 1211 878 1251 haec
911 1211 1067 1264 praeda
1099 1210 1385 1264 pergentibus,
1419 1210 1692 1264 Chilpericus,

209 1275 256 1309 15
282 1270 390 1310 Nero
417 1271 547 1310 nostri
574 1271 776 1322 temporis
802 1275 845 1310 et
866 1270 1057 1319 Herodis,
1075 1270 1129 1310 ad
1156 1270 1302 1311 villam
1329 1270 1562 1320 Calensem,
1591 1281 1699 1322 quae

280 1329 413 1371 distat
435 1329 490 1370 ab
512 1329 615 1369 urbe
639 1328 850 1369 Parisiaca
885 1330 1005 1381 quasi
1028 1334 1201 1369 centum
1225 1328 1389 1379 stadiis,
1413 1328 1600 1379 accedit3
1622 1328 1700 1368 ibi-

282 1401 362 1440 que
380 1389 627 1428 venationes
646 1389 817 1429 exercit.
859 1388 1054 1441 Quadam
1072 1401 1172 1428 vero
1191 1388 1257 1430 die
1275 1400 1486 1440 regressus
1503 1387 1555 1430 de
1574 1400 1701 1427 vena-

281 1447 396 1487 tione
426 1447 511 1487 iam
541 1447 800 1487 subobscura
817 1452 955 1498 nocte,
974 1448 1076 1489 dum
1107 1448 1225 1496 <de>
1255 1459 1390 1499 aequo
1420 1447 1701 1499 susciperetur

281 1511 324 1547 et
345 1519 430 1547 una
451 1519 580 1548 manu
601 1520 725 1559 super
746 1507 962 1559 scapulam
983 1507 1101 1559 pueri
1121 1511 1343 1556 reteneret,
1360 1505 1590 1546 adveniens
1613 1505 1703 1558 qui-

212 1572 259 1605 20
282 1564 381 1608 dam
395 1578 492 1606 eum
507 1566 642 1606 cultro
654 1566 837 1618 percutit
853 1566 930 1606 sub
942 1566 1137 1606 ascellam
1151 1566 1392 1618 iteratuque
1406 1566 1495 1606 ictu
1509 1569 1702 1605 ventrem

283 1625 371 1664 eius
393 1626 599 1677 perforat3
623 1626 855 1678 statimque
878 1626 1116 1677 profluente
1139 1625 1260 1677 copia
1282 1625 1495 1677 sanguinis
1515 1628 1608 1664 tam
1629 1636 1702 1676 per

284 1696 329 1723 os
348 1697 475 1736 quam
492 1698 565 1737 per
580 1685 750 1726 aditum
762 1684 961 1735 vulneris,
977 1685 1172 1737 iniquum
1188 1684 1300 1726 fudit
1316 1684 1525 1737 spiritum.
1564 1683 1702 1736 Quam

283 1756 383 1783 vero
407 1743 614 1784 malitiam
637 1744 824 1796 gesserit,
845 1744 1031 1796 superior
1054 1743 1179 1784 lectio
1203 1743 1340 1783 docet.
1383 1742 1492 1785 Nam
1514 1741 1702 1795 regiones

284 1802 486 1854 plurimas
504 1803 670 1855 saepius
689 1802 934 1845 devastavit
951 1808 1081 1856 atque
1100 1801 1338 1853 succendit3
1356 1802 1407 1844 de
1427 1801 1580 1855 quibus
1596 1800 1701 1841 nihil

213 1867 261 1901 25
284 1861 438 1903 doloris
460 1862 532 1902 sed
553 1862 716 1902 laetitia
738 1862 870 1914 magis
892 1862 1093 1912 habebat,
1111 1862 1220 1902 sicut
1243 1861 1458 1914 quondam
1471 1861 1594 1910 Nero,
1606 1871 1702 1900 cum

253 1919 261 1928 ²
285 1920 396 1960 inter
417 1920 611 1962 incendia
635 1921 783 1974 palatii
805 1921 1029 1973 tragoedas
1053 1921 1314 1961 decantaret.
1357 1920 1489 1973 Saepe
1511 1918 1702 1959 homines

285 1991 361 2032 pro
389 1979 668 2021 facultatibus
697 1979 843 2020 eorum
871 1981 1026 2021 iniuste
1056 1980 1238 2032 punivit.
1286 1980 1335 2020 In
1364 1979 1482 2019 cuius
1510 1983 1701 2030 tempore

286 2039 410 2091 pauci
445 2039 760 2091 quodammodo
793 2040 1086 2092 episcopatum
1119 2039 1256 2079 clerici
1288 2042 1545 2078 meruerunt.
1597 2037 1703 2077 Erat

286 2098 398 2138 enim
421 2098 540 2150 golae
567 2097 749 2148 deditus,
777 2099 894 2139 cuius
920 2099 1023 2139 deus
1049 2103 1198 2138 venter
1222 2097 1325 2147 fuit3
1350 2097 1598 2148 nullumque
1623 2095 1704 2135 sibi

215 2163 263 2197 30
286 2156 510 2197 adserebat
530 2170 618 2197 esse
640 2157 968 2210 prudentiorem.
1007 2157 1271 2209 Conficitque
1292 2156 1397 2198 duos
1416 2155 1560 2206 libros,
1583 2154 1703 2207 quasi

290 2215 497 2257 Sidulium
518 2216 764 2267 meditatus,
788 2229 967 2269 quorum
988 2216 1181 2256 versiculi
1202 2215 1358 2257 debiles
1379 2214 1504 2255 nullis
1524 2213 1702 2267 pedibus

287 2274 513 2315 subsistere
547 2281 744 2327 possunt3
777 2276 821 2315 in
856 2275 1021 2327 quibus,
1056 2275 1159 2316 dum
1190 2286 1276 2314 non
1306 2273 1593 2326 intellegebat,
1626 2284 1702 2325 pro

287 2334 420 2386 longis
444 2334 601 2374 sillabis
624 2334 772 2374 breves
796 2335 938 2387 posuit
960 2340 1003 2375 et
1026 2347 1101 2386 pro
1123 2333 1270 2373 breves
1292 2333 1438 2385 longas
1461 2331 1701 2381 statuebat3

287 2398 331 2432 et
356 2393 438 2432 alia
465 2394 666 2446 opuscula
692 2394 758 2433 vel
784 2393 965 2445 hymnos
991 2394 1078 2433 sive
1104 2393 1252 2432 missas
1278 2392 1425 2442 edidit,
1455 2403 1561 2444 quae
1586 2390 1702 2430 nulla

218 2457 265 2492 35
287 2452 450 2492 ratione
476 2453 630 2505 suscipi
655 2458 846 2505 possunt.
888 2452 1044 2494 Causas
1069 2463 1303 2504 pauperum
1328 2463 1475 2491 exosas
1499 2449 1700 2490 habebat.

292 2511 537 2553 Sacerdotes
559 2512 727 2553 Domini
746 2511 911 2554 assidue
930 2511 1256 2564 blasphemabat
1273 2523 1349 2550 nec
1367 2509 1535 2551 aliunde
1553 2507 1700 2560 magis,

290 2570 391 2611 dum
420 2571 618 2611 secretius
645 2576 768 2621 esset,
797 2570 1020 2611 exercebat
1046 2569 1219 2612 ridicola
1246 2570 1312 2609 vel
1339 2569 1466 2619 iocos,
1496 2580 1623 2621 quam
1650 2566 1701 2608 de

389 2678 403 2699 1
430 2678 641 2714 vermutlieh
663 2673 710 2721 Θ
