1786 3016
698 229 910 271 -43-

35 346 294 412 ”fimum
306 347 496 392 subditis
518 348 748 390 veritatem
769 348 967 400 extorsit,
992 348 1174 402 qualiter
1195 361 1270 403 per
1291 348 1526 390 consilium

42 430 49 439 .
62 417 81 454 ,·»’
306 407 372 452 dis
387 407 466 449 hec
483 412 582 449 acta
598 409 754 450 fuerat.
791 408 873 451 Sed
890 413 949 459 et,
967 421 1018 449 ea
1034 408 1298 460 defensante,
1314 409 1513 449 ulciscere

66 467 171 529 ζὶὶῠῐι
180 455 341 523 potuit.
372 467 586 510 Ferebant
601 468 732 509 etiam
747 467 827 511 ad
815 481 958 521 ipsum
972 479 1236 521 percussores
1250 468 1414 508 venisse
1419 479 1520 521 ‚pro

28 525 134 582 ’,700
149 525 265 583 quod
278 527 384 569 1100
371 527 584 581 inquirere
599 527 805 568 sacaciter
821 528 1069 578 distineret3
1086 527 1159 568 sed
1177 527 1368 570 costodia
1384 528 1515 568 valla-

81 590 156 632 tus
179 595 370 639 suorum,
395 587 501 628 nihil
527 587 566 628 ei
589 599 739 628 nocere
766 592 1015 640 potuerunt.
1059 560 1214 654 Itaque
1240 599 1338 628 cum
1363 587 1440 628 1100
1466 591 1512 628 at
1565 591 1586 627 5

20 654 36 684 ’ἐ
51 677 66 697 ,ψ
83 646 462 703 'Guntohramnum
479 659 621 700 regem
640 647 807 700 perlata
825 647 1022 697 fuissent,
1041 651 1086 688 et
1103 647 1263 688 crimen
1281 659 1407 700 super
1425 659 1517 687 mu·

80 706 231 754 liorem
243 707 468 758 iaceretur,
486 707 605 748 misit
620 711 709 748 tres
726 707 949 760 episcopus
967 707 1022 749 ad
1039 706 1192 757 fiIium,
1212 706 1285 759 qui
1301 719 1390 747 esse
1407 705 1518 748 dice-

82 769 157 810 tur
189 766 428 822 Chilperioi,
467 779 594 820 quem
629 767 823 820 superius
859 766 1238 808 Chlothacharium
1274 765 1518 819 scripsimus

83 825 340 878 vocitatum,
363 826 408 870 id
430 831 496 868 est
519 826 761 867 Artimeum
787 826 1064 880 Synonicum,
1088 825 1305 868 Veranum
1328 825 1518 867 Cavello·

19 896 56 948 j'j-
83 899 260 929 nensem
273 891 318 928 et
331 885 550 940 Agricium
564 886 875 936 Trecassinum,
890 891 940 927 ut
956 886 1114 927 scilicet
1130 898 1226 926 cum
1241 886 1319 935 his,
1338 885 1410 938 qui
1424 898 1519 938 par·
1541 890 1590 924 10

16 966 32 975 ·
53 996 56 997 7
85 946 235 989 volum
258 946 526 997 nutriebant,
554 947 848 1000 perquirerent
874 946 999 987 huius
1026 946 1199 986 seeleres
1226 958 1451 999 personam
1476 949 1520 985 et

89 1005 136 1048 in
163 1011 399 1061 conspectu
429 1005 520 1047 eius
549 1006 785 1048 exiberent.
830 1006 953 1060 Quod
987 1018 1085 1046 cum
1117 1005 1356 1047 sacerdotes
1386 1004 1521 1045 locuti

0 1115 3 1120 ἱ
29 1071 37 1105 f
85 1065 285 1118 fuissent,
313 1065 627 1120 responderunt
655 1066 860 1107 seniores:
891 1078 908 1106 «
938 1065 1070 1106 Nobis
1100 1078 1270 1119 prorsus
1299 1065 1376 1105 hec
1404 1065 1522 1105 facta

86 1125 330 1180 displicent,
348 1131 392 1167 et
408 1127 544 1180 magis
561 1139 610 1166 ac
628 1126 763 1179 magis
780 1138 830 1166 ea
847 1125 1042 1179 cupimus
1059 1125 1272 1166 ulciscere.
1309 1125 1420 1165 Nam
1435 1136 1523 1164 non

0 1206 3 1210 ·
46 1224 49 1226 μ
86 1189 233 1240 potest
250 1185 368 1237 fiere,
388 1190 452 1238 ut,
473 1187 508 1227 si
529 1186 623 1239 quis
641 1186 753 1227 inter
770 1197 848 1226 nos
868 1185 1092 1239 culpabilis
1110 1185 1342 1235 invenitur,
1361 1184 1406 1224 in
1424 1196 1523 1224 con·
1545 1187 1593 1222 15

2 1244 27 1305 ,ξ
87 1250 239 1300 spectu
254 1245 366 1300 regis
383 1246 517 1288 vestri
534 1245 786 1295 deducatur,
806 1258 904 1286 cum
921 1258 998 1286 nos
1017 1245 1263 1298 possumusl
1278 1249 1523 1285 nostrorum

87 1305 280 1350 facinora
313 1305 453 1360 regale
491 1306 714 1347 sanccione
751 1318 1038 1358 conpremere.
1077 1318 1094 1345 »
1127 1305 1246 1345 Tunc
1283 1303 1523 1346 sacerdotes

24 1380 26 1382 ’
88 1364 312 1409 dixerunt:
337 1378 355 1407 «
379 1365 594 1407 Noveritis
617 1366 745 1416 enim,
771 1366 885 1418 quia,
910 1366 944 1406 si
967 1377 1147 1418 persona
1174 1377 1255 1417 que
1278 1364 1355 1404 1100
1378 1376 1526 1417 perpe-

0 1430 1 1434 ’
23 1459 24 1462 ,
88 1425 226 1467 travit
247 1425 293 1467 in
316 1425 458 1469 medio
481 1426 645 1480 possita
668 1438 755 1466 non
778 1425 922 1476 fuerit,
946 1438 1020 1465 rex
1044 1429 1190 1465 noster
1213 1436 1311 1465 011111
1335 1424 1524 1464 exercitu

89 1483 158 1526 hie
174 1485 364 1537 veniens,
381 1498 553 1527 omnem
567 1486 678 1527 hanc
694 1485 910 1538 regionem
925 1484 1068 1538 gladio
1083 1483 1364 1536 incendioque
1381 1488 1526 1524 vasta·
1548 1487 1596 1521 20

90 1544 171 1596 vit,
190 1545 292 1600 quia
309 1546 588 1588 manifestum
605 1550 684 1597 est,
704 1545 814 1586 hanc
832 1545 1083 1586 interficisse
1101 1544 1245 1598 gladio
1264 1543 1526 1597 episcopum,

93 1604 168 1659 qui
188 1605 431 1647 maleficus¹
452 1606 666 1647 Francum
688 1605 812 1646 iussit
835 1605 1045 1646 interemi.
1071 1618 1088 1644 »
1111 1605 1167 1645 Et
1191 1604 1255 1644 his
1279 1603 1419 1654 dictis,
1443 1603 1527 1645 dis-

0 1659 35 1726 ζ’]
91 1670 325 1716 cesserunt,
353 1665 520 1707 nullum
545 1665 850 1707 racionabilem
876 1677 1127 1718 responsum
1155 1664 1426 1716 accipientes,
1455 1662 1529 1702 ob-

91 1728 304 1767 testantes
325 1725 513 1776 omnino,
534 1731 584 1767 ut
603 1738 842 1778 numquam
862 1725 907 1766 in
927 1724 1076 1775 eclesia
1095 1724 1168 1764 illa
1188 1723 1434 1773 Melancius,
1457 1722 1530 1775 qui

93 1784 210 1839 prius
227 1785 273 1826 111
288 1785 383 1826 1000
402 1785 654 1829 Pretextato
673 1785 929 1838 subrogatus
948 1785 1103 1835 fuerat,
1122 1783 1363 1826 sacerdotes
1380 1784 1529 1835 funge-
1551 1785 1600 1820 25

90 1849 213 1892 ,retur
237 1845 444 1887 officium.

177 1904 302 1957 VIII,
323 1905 389 1946 41.
420 1905 527 1947 Cum
547 1910 694 1947 autem
712 1918 787 1958 per
804 1909 947 1946 totam
965 1908 1159 1953 <terram
1171 1906 1193 1951 >
1212 1915 1340 1943 sonus
1358 1902 1419 1942 illi
1438 1914 1531 1955 per·

58 1984 60 1986 v
94 1964 288 2022 currerit,
309 1964 610 2016 Pretextatum
629 1965 877 2019 episcopum
904 1977 930 2004 a
949 1963 1225 2016 Fredegunde
1254 1963 1382 2003 fuisse
1401 1962 1532 2002 inter-

93 2023 272 2076 fectum,
292 2024 366 2066 illa
389 2037 573 2079 quoque,
598 2037 682 2079 quo
703 2025 869 2066 facilius
891 2024 1182 2078 detergeretur
1203 2035 1228 2063 a
1249 2022 1437 2072 crimine,
1459 2020 1533 2062 ad-

95 2083 345 2138 prehinsum
367 2098 549 2139 puerum
569 2085 663 2135 cedi
683 2085 806 2125 iussit
828 2084 1117 2134 vehementer,
1140 2083 1304 2123 dicens:
1329 2095 1346 2122 «
1366 2082 1430 2122 Τ11
1452 2081 1532 2121 1100
1555 2085 1604 2119 30

97 2142 413 2199 blasphemium
438 2158 565 2199 super
587 2158 655 2186 me
679 2145 879 2195 intulisti,
905 2149 955 2185 ut
981 2144 1282 2184 Pretextatum
1306 2141 1423 2183 urbis
1452 2142 1534 2181 Ro-

97 2203 380 2259 thomaginsis
415 2205 664 2259 episcopum
698 2204 841 2258 gladio
878 2203 1106 2257 adpeteris.
1145 2215 1162 2243 »
1195 2202 1400 2242 Tradedit
1436 2213 1534 2242 eum

97 2268 254 2318 nepote
268 2263 401 2319 ipsius
416 2265 664 2316 sacerdotis,
680 2268 742 2305 et³
756 2277 854 2305 cum
868 2264 975 2304 eoin
990 2262 1196 2316 supplicio
1211 2262 1437 2316 posuisset,
1453 2272 1542 2302 om-

98 2335 199 2365 nem
216 2337 307 2366 rem
325 2325 546 2368 evidenter
565 2325 735 2379 aperuit
754 2324 970 2377 dixitque:
992 2336 1008 2363 «
1026 2323 1065 2363 A
1083 2322 1229 2376 regina
1249 2322 1362 2362 enim
1383 2319 1536 2362 Frede-

99 2384 242 2439 gunde
270 2389 444 2426 centum
473 2385 641 2428 soledus
670 2384 829 2438 accepi,
860 2388 911 2425 ut
939 2383 1019 2424 hoc
1048 2383 1246 2433 facerem,
1275 2394 1301 2422 a
1330 2379 1535 2421 Melantio
1558 2383 1606 2418 35

99 2457 204 2486 vero
217 2444 416 2499 episcopo
435 2446 748 2499 quinquaginta
763 2449 806 2485 et
823 2444 878 2484 ab
892 2443 1201 2486 archediacono
1216 2441 1414 2482 civitates
1430 2440 1536 2480 alius

103 2505 438 2559 quinquaginta3
474 2505 647 2558 insuper
682 2509 725 2545 et
761 2504 1017 2557 promissum
1053 2502 1221 2554 abui[t]‚
1258 2506 1307 2542 ut
1342 2501 1537 2541 inienuus

101 2564 256 2617 fierim,
271 2565 380 2606 sicot
394 2570 439 2606 et
452 2578 561 2607 uxor
575 2578 684 2606 mea.
702 2578 719 2604 »
734 2564 785 2605 In
799 2577 847 2604 ac
863 2576 966 2604 voce
980 2563 1106 2614 illius,
1121 2561 1397 2615 evaginatum
1410 2560 1539 2600 homo

195 2692 209 2714 ²
230 2692 481 2738 possimus.
510 2710 556 2714 —
582 2691 597 2712 ²²·
624 2689 891 2726 maleficiis.
925 2710 963 2714 —-
998 2689 1013 2711 ³
1042 2688 1132 2734 qui.
