1786 3016
698 208 904 251 -31-

50 305 320 374 *miniatum
338 326 560 381 episcopis.
600 327 726 370 Illum
744 328 911 371 ferebat
929 328 1083 380 levem,
1104 329 1235 370 alium
1256 330 1502 384 superbum,

69 385 552 438 illmubabundantem,
573 387 706 428 istum
725 387 1010 440 luxoriosum3
1031 389 1152 430 illum
1172 389 1399 432 adserebat
1419 390 1502 430 ela-

43 437 45 458 ³
69 446 182 498 tum,
198 445 312 490 hunc
327 446 560 498 tumidum,
577 447 743 488 nullum
760 448 855 502 plus
874 448 972 490 odio
991 461 1120 502 quam
1138 449 1308 489 eclesias
1325 449 1501 490 habens.

38 550 43 565 ‚
71 505 240 560 Agebat
275 505 390 549 enim
426 506 695 560 plerumque:
734 520 751 547 «
788 507 896 548 Ecce
934 521 1096 561 pauper
1131 508 1338 549 remansit
1374 508 1502 550 fiscus

2 584 5 585 ⁷
29 587 46 613 γ
70 570 230 618 noster,
247 577 342 607 ecce
360 565 536 608 divitiae
553 571 725 607 nostrae
743 566 798 609 ad
815 567 986 608 eclesias
1005 572 1106 608 sunt
1122 568 1378 619 translatae3
1396 567 1501 609 nulli
1523 573 1544 608 5

20 620 38 654 2'
71 625 270 680 paenitus
287 623 380 666 'nisi
409 626 488 666 soli
516 626 704 679 episcopi
732 632 934 680 regnant3
966 627 1091 681 periit
1121 627 1256 668 honor
1285 633 1430 668 noster
1459 633 1503 668 et

17 685 37 729 a*
68 684 306 727 translatus
322 690 387 726 est
404 685 460 728 ad
476 686 696 740 episcopos
714 686 956 727 civitatum.
977 700 994 727 »
1012 686 1128 728 Haec
1145 700 1288 739 agens,
1306 687 1501 728 assiduae

0 755 31 793 3.v
69 749 348 796 testamenta,
384 757 492 798 quae
525 745 570 786 in
602 746 773 786 eclesias
807 747 1049 787 conscribta
1082 752 1218 798 erant,
1253 747 1502 801 plerumque

71 803 255 858 disrupit
275 804 475 858 ipsasque
497 805 632 858 patris
654 806 718 846 sui
741 806 1075 860 praeceptiones,
1098 812 1257 860 putans
1281 807 1396 860 quod
1417 819 1503 847 non

0 864 19 911 f
69 869 309 908 remaneret
327 864 400 918 qui
416 864 688 907 voluntatem
705 865 794 906 eius
812 871 1016 917 servaret,
1035 879 1158 919 saepe
1177 867 1374 907 calcavit.
1410 867 1503 908 Iam
1526 873 1574 906 10

0 900 22 972 ἐ
71 923 123 967 de
146 923 314 966 libidini
338 929 470 977 atque
493 924 661 967 luxoria
685 937 773 966 non
797 930 941 979 potest
965 926 1151 979 repperil
1174 926 1218 966 in
1243 926 1502 980 cogitatione

0 1016 21 1071 ε
70 983 188 1086 333?
208 995 264 1084 ¹²3³
264 997 419 1086 ”affl
421 989 603 1084 ‘3122ss3?ss
623 985 938 1086 {ffflssr’ifiss'ss'
940 998 1283 1087 Ἓὲῗηεῗρῐὶἒ
1286 986 1504 1088 ἶέἓθὲἒῖἶῖ

0 1068 22 1086 r*
918 1060 942 1081 .·
1127 1060 1140 1086 1
1489 1069 1503 1075 -

9 1082 26 1097 h
70 1115 172 1158 pore
197 1057 432 1157 {uipabiles
459 1057 729 1157 rffipperigseil,
759 1105 902 1145 oculos
932 1079 990 1145 eis
1018 1059 1197 1146 iuiwebai
1225 1106 1328 1146 erui.
1375 1106 1432 1146 Et
1460 1106 1505 1146 in

70 1161 456 1216 praeceptionibus,
480 1176 585 1217 quas
605 1164 660 1206 ad
679 1163 839 1206 iudices
860 1177 936 1218 pro
956 1165 1042 1206 suis
1061 1165 1324 1206 utilitatibus
1345 1165 1504 1218 direge-
1526 1170 1574 1206 15

69 1221 162 1274 bat,
183 1222 288 1264 haec
309 1222 519 1266 addebat:
542 1237 560 1263 «
582 1223 625 1264 Si
649 1224 742 1277 quis
765 1229 993 1278 praecepta
1014 1230 1161 1266 nostra
1182 1226 1503 1279 contempserit,

0 1301 14 1334 ς
71 1282 291 1324 oculorum
315 1283 533 1324 evulsione
558 1284 780 1325 multetur.
809 1298 826 1325 »
852 1285 1027 1326 Nullum
1052 1297 1260 1338 umquam
1286 1298 1416 1339 purae
1443 1285 1504 1327 di-

0 1348 19 1384 ἑᾷ
69 1341 191 1394 lexit,
214 1355 240 1383 a
262 1343 381 1384 nullo
403 1343 584 1386 dilectus
607 1349 693 1395 est;
716 1344 911 1398 ideoque,
935 1358 1033 1386 cum
1057 1345 1256 1398 spiritum
1279 1346 1504 1396 exalasset,

0 1418 8 1458 g
70 1415 217 1444 omnes
242 1415 342 1444 eum
367 1402 632 1457 reliquerunt
657 1405 808 1453 (sui).

0 1514 18 1574 ἦ
69 1524 111 1575 e)
132 1521 425 1577 Chilperich
446 1523 549 1566 und
571 1524 679 1564 sein
704 1523 838 1565 Sohn
864 1525 936 1575 (H.
956 1526 1006 1565 F.
1037 1525 1083 1576 V,
1106 1525 1160 1565 14
1180 1538 1221 1566 ιι.
1245 1525 1300 1566 18
1313 1523 1503 1576 Schlass).
1527 1531 1575 1565 20

0 1645 8 1661 2
155 1606 219 1648 14.
251 1606 354 1648 Post
373 1606 477 1648 haec
495 1607 788 1659 MerovechuS,
809 1608 913 1652 dum
931 1609 976 1649 in
994 1609 1190 1652 custodia
1210 1610 1324 1662 patri
1341 1614 1505 1650 retene-

0 1666 11 1722 ξ’
69 1670 202 1718 retur,
222 1671 475 1708 tunsoratus
497 1672 576 1719 est,
600 1673 856 1721 mutataque
879 1673 1012 1719 veste,
1038 1682 1122 1722 qua
1144 1669 1303 1710 clericis
1326 1669 1391 1710 uti
1413 1682 1505 1710 mos

0 1727 7 1775 3³
70 1730 150 1778 est,
186 1725 396 1780 presbiter
431 1727 653 1770 ordinatus
688 1733 732 1769 et
767 1729 1075 1771 monasterium
1111 1729 1503 1771 Cennomannicum

0 1795 2 1843 J
72 1785 146 1840 qui
165 1787 470 1828 v'ocaturAnni
490 1787 647 1828 insula²
668 1787 879 1841 dirigitur,
895 1788 969 1829 ubi
991 1788 1245 1832 sacerdotali
1266 1789 1506 1832 erudiretur

0 1875 4 1886 ,-
68 1845 228 1899 regula.
269 1845 386 1888 Haec
406 1847 584 1891 audiens
608 1848 733 1899 Boso,
758 1848 830 1901 qui
850 1853 954 1889 tunc
975 1848 1019 1889 in
1040 1848 1215 1890 basilica
1236 1850 1374 1890 sancti
1394 1849 1506 1890 Mar·
1527 1854 1576 1889 25

3 1921 7 1924 ⁴
68 1905 166 1958 tini,
184 1911 235 1947 ut
254 1905 455 1958 diximus,
474 1907 712 1959 resedebat,
732 1908 849 1949 misit
873 1909 1091 1962 Rigulfum
1111 1909 1436 1960 subdiaconum,
1455 1914 1505 1950 ut

0 1974 4 1978 ’
69 1965 294 2007 consilium
330 1967 494 2008 occulte
525 1967 748 2021 praeberet
775 1969 1006 2021 expetendi
1034 1968 1089 2011 ad
1117 1968 1339 2010 basilicam
1367 1969 1505 2009 sancti

2 2027 12 2043 ”
69 2025 258 2067 Martini.
301 2026 384 2079 Qui
403 2040 502 2068 cum
521 2027 725 2078 habisset,
746 2027 802 2068 ab
822 2028 905 2068 alia
925 2034 1046 2082 parte
1070 2029 1272 2070 Gailenus
1292 2042 1396 2082 puer
1416 2029 1505 2070 eius

0 2126 3 2138 ,
69 2085 262 2129 advenit.
297 2086 489 2140 Cumque
509 2100 692 2140 parvum
711 2088 913 2130 solatium
934 2089 1006 2141 qui
1024 2102 1122 2129 eum
1142 2089 1358 2132 ducebant
1376 2089 1506 2129 habe-

2 2187 3 2190 ,
68 2150 180 2196 rent,
196 2145 252 2186 ab
267 2145 360 2199 ipso
380 2147 557 2188 Gaileno
572 2148 617 2188 in
632 2147 782 2188 itinere
799 2161 1000 2189 excussus
1017 2154 1095 2199 est,
1114 2154 1347 2202 opertoque
1365 2149 1504 2202 capite
1528 2155 1576 2189 30

0 2228 4 2230 -
69 2205 332 2259 indutusque
355 2212 473 2248 veste
497 2207 716 2258 saeculari,
739 2207 857 2249 beati
878 2208 1054 2249 Martini
1075 2209 1287 2263 templum
1309 2209 1503 2262 expetiit.

0 2276 3 2319 ;
73 2264 205 2306 Nobis
230 2269 446 2315 <autem>
470 2267 600 2308 missa
625 2267 954 2320 celebrantibus,
980 2269 1023 2309 in
1049 2274 1244 2310 sanctam
1269 2269 1504 2319 basilicam,

70 2330 221 2381 aperta
237 2326 480 2379 repperiens
500 2328 624 2379 ostia,
643 2327 855 2380 ingressus
874 2333 952 2370 est.
1002 2329 1105 2369 Post
1123 2329 1251 2372 missa
1270 2334 1417 2370 autem
1435 2341 1506 2382 pe-

0 2382 13 2441 [j
69 2384 156 2436 tiit,
177 2390 228 2426 ut
249 2385 288 2426 ei
307 2386 495 2439 eulogias
517 2387 617 2430 dare
640 2387 902 2430 deberemus.
944 2389 1049 2429 Erat
1070 2393 1218 2429 autem
1238 2394 1343 2430 tunc
1365 2388 1506 2429 nobis-

0 2443 6 2484 ἱ
69 2457 169 2486 cum
206 2445 521 2498 Ragnemodus,
558 2447 793 2488 Parisiacae
830 2448 940 2491 sedis
974 2449 1212 2502 episcopus,
1250 2449 1322 2502 qui
1355 2453 1505 2489 sancto
1528 2453 1576 2488 35

0 2503 7 2558 ξ-
74 2504 287 2546 Germano
308 2512 581 2548 successerat.
626 2507 750 2560 Quod
771 2521 870 2548 cum
890 2509 1190 2559 refutaremus,
1212 2509 1300 2563 ipse
1322 2509 1504 2551 clamare

0 2560 11 2620 {-
70 2565 212 2618 coepit
242 2570 286 2606 et
315 2565 468 2618 dicere,
502 2567 616 2620 quod
645 2580 733 2608 non
761 2573 875 2609 recte
906 2581 1003 2609 eum
1034 2581 1059 2608 a
1088 2569 1386 2609 communione
1417 2568 1504 2609 sine

171 2673 186 2695 ²
211 2672 443 2719 repperiri
465 2675 550 2710 oder
569 2676 825 2721 repperire.
862 2696 901 2701 —
934 2675 949 2697 ²
975 2676 1263 2722 Anni(n)sola
1292 2689 1324 2713 o.
1343 2679 1378 2712 ἄ.

0 2822 19 3016 ἑ
