1786 3016
895 223 1108 264 -44—

283 337 486 390 gladium,
512 339 748 392 predictum
772 352 890 380 reum
914 341 956 380 in
982 341 1139 382 frustra
1163 342 1370 384 concedit.
1413 341 1701 397 Fredegundis

286 409 390 465 vero·
419 398 685 449 Melancium,
722 411 846 451 quem
879 400 994 452 prius
1027 401 1271 454 episcopum
1305 407 1518 455 posuerat,
1552 401 1701 453 eclesie

285 462 502 498 instituet,

431 577 475 627 k)
505 576 694 617 Miitter
723 576 822 618 und
852 577 1069 617 Tochter
1101 578 1172 628 (H.
1192 577 1242 617 F.
1264 578 1348 628 IX,
1369 578 1434 620 33.
1456 579 1542 630 34).

246 665 266 700 5
306 705 309 707 ,
370 659 435 700 33.
469 658 544 698 His
577 658 738 709 diebus,
774 659 1033 711 Ingytrudis,
1069 673 1147 712 que
1180 660 1486 701 monasterium
1515 661 1560 702 in
1591 660 1702 702 atrio

288 719 423 759 sancti
446 718 619 758 Martini
642 718 901 768 instituerat,
925 719 978 760 ad
1002 732 1142 772 regem
1167 720 1287 772 quasi
1309 719 1511 768 (filiam)
1533 732 1704 761 accusa-

286 783 384 818 tura
405 778 627 830 processit3
649 777 691 817 in
715 789 797 830 quo
818 778 1122 818 monasterium
1147 779 1439 830 BertheflediS,
1459 779 1549 833 filia
1571 791 1704 832 quon-

288 837 387 878 dam
411 836 676 877 Chariberthi
699 837 820 890 regis,
845 837 1079 879 resedebat.
1125 837 1197 878 Set
1222 838 1304 878 ista
1328 838 1582 890 egrediente,
1605 837 1705 879 hac1

287 897 330 937 in
352 896 661 936 Cenomannico
682 901 747 935 est
767 908 967 948 regressa.
1008 896 1112 936 Erat
1133 897 1245 937 enim
1266 897 1382 949 gula²
1402 901 1445 937 et
1466 909 1614 939 somno
1633 897 1705 940 de-

219 962 265 995 10
289 955 379 998 dita
400 960 443 995 et
462 955 623 995 nullam
643 955 693 997 de
715 955 855 994 officio
877 955 955 995 Dei
975 968 1119 995 curam
1138 955 1311 997 habens.
1353 956 1584 1010 Negucium
1603 969 1704 997 vero

291 1014 535 1067 Ingytrudis
554 1019 597 1054 et
615 1014 727 1054 filiae
747 1014 834 1054 eius
854 1014 981 1054 altius
999 1015 1277 1068 repetendum
1295 1021 1414 1068 puto.
1451 1016 1586 1070 Igitur
1603 1020 1704 1057 ante

288 1077 375 1114 eos3
408 1086 555 1124 annos,
589 1085 686 1113 cum
722 1073 951 1125 Ingitrudis
991 1075 1294 1115 monasterium
1327 1074 1563 1127 puellarum
1595 1074 1706 1116 infra

289 1133 445 1174 atrium
463 1133 598 1173 sancti
615 1132 801 1182 Martini,
819 1138 868 1172 ut
886 1132 1085 1183 diximus,
1103 1134 1304 1174 collocare
1323 1134 1575 1187 cepisse[n]t‚
1591 1133 1705 1175 filiae

289 1206 361 1233 sue
376 1192 581 1234 mandata
595 1192 744 1242 mittit,
761 1192 921 1233 dicens:
938 1205 954 1231 «
968 1192 1169 1244 Relinque
1185 1193 1323 1233 virum
1336 1198 1461 1234 tuum
1474 1197 1496 1242 <
1507 1198 1551 1233 et
1561 1192 1658 1234 veni
1669 1196 1706 1244 >,

219 1258 267 1292 15
289 1257 338 1292 ut
362 1252 516 1291 faciam
539 1256 582 1292 te
607 1251 870 1291 abbatissam
892 1251 1008 1304 gregi
1031 1252 1142 1302 huic,
1170 1265 1294 1304 quem
1320 1252 1584 1305 congregavi.
1610 1265 1627 1292 »
1647 1251 1707 1292 At

289 1311 374 1360 illa,
394 1311 542 1351 audito
560 1310 747 1350 levitatis
766 1310 953 1359 consilio,
973 1323 1066 1350 com
1085 1311 1175 1362 viro
1193 1311 1413 1352 Thoronus
1431 1311 1627 1362 advenit3
1643 1311 1706 1351 in-

289 1382 513 1423 gressaque
533 1369 790 1409 monasterio
810 1373 977 1419 mate1·⁴,
999 1370 1167 1412 dicebat
1187 1371 1298 1411 viro:
1320 1383 1336 1410 «
1358 1371 1589 1423 Regredere
1608 1370 1706 1410 hinc

290 1435 333 1469 et
354 1429 588 1481 gubernare
610 1429 782 1468 liberos⁵
803 1434 985 1479 nostros,
1009 1442 1110 1469 nam
1133 1442 1209 1483 ego
1231 1442 1318 1470 non
1339 1434 1527 1470 revertar
1548 1434 1706 1470 tecum.

293 1489 386 1528 Non
406 1489 518 1528 enim
537 1488 701 1529 videbit
719 1501 896 1540 regnum
917 1488 994 1528 Dei
1014 1489 1208 1542 coniugio
1228 1488 1464 1541 copulatus.
1486 1502 1503 1529 »
1522 1488 1589 1528 Illi
1606 1500 1707 1528 vero

221 1554 268 1586 20
291 1547 534 1597 adveniens,
565 1547 784 1587 nonciavit
816 1547 920 1586 mihi
952 1548 1092 1588 omnia
1126 1561 1204 1600 que
1237 1561 1262 1588 a
1292 1548 1467 1600 coniuge
1499 1547 1706 1590 audierat.

289 1607 408 1647 Tunc
426 1619 503 1660 ego
522 1606 787 1648 accedentes⁶
806 1606 860 1648 ad
880 1606 1199 1657 monasterium,
1219 1619 1430 1647 canonum
1448 1606 1617 1649 decreta
1636 1606 1708 1647 Ni-

290 1679 441 1706 cenum
463 1666 602 1718 relegi,
625 1665 668 1705 in
695 1665 846 1718 quibus
870 1671 1134 1716 contenetur,
1162 1666 1280 1718 quia:
1309 1666 1350 1707 Si
1377 1665 1468 1719 quis
1490 1665 1707 1718 reliquerit

291 1725 444 1775 virum,
463 1730 505 1765 et
523 1730 666 1765 torum
684 1725 728 1766 in
749 1737 832 1777 quo
850 1724 955 1764 bene
974 1725 1084 1766 vixit
1103 1725 1322 1778 spreverit,
1342 1725 1484 1767 dicens
1505 1725 1604 1778 quia
1621 1736 1707 1764 non

291 1785 345 1824 sit
369 1785 406 1824 ei
429 1784 570 1837 porcio
593 1784 636 1823 in
658 1784 730 1823 illa
753 1783 916 1824 celestis
938 1784 1055 1836 regni
1076 1784 1224 1836 gloria,
1250 1797 1329 1837 que
1353 1785 1492 1824 fuerat
1515 1783 1708 1836 coniugio

221 1849 268 1883 25
291 1844 525 1897 copolatus,
543 1843 774 1885 anathama
792 1843 859 1883 sit.
871 1843 1032 1896 Quibus
1050 1843 1276 1894 audi[s]tis,
1297 1843 1604 1896 Berthegundis
1622 1855 1708 1885 me-

290 1908 429 1952 tuens,
446 1916 498 1942 ne
516 1915 540 1942 a
558 1902 846 1944 sacerdotibus
866 1902 943 1942 Dei
960 1903 1253 1942 communione
1272 1903 1525 1955 privaretur,
1542 1913 1707 1954 egressa

291 1962 562 2011 monasterio,
583 1961 707 2003 rediit
729 1974 825 2001 cum
846 1961 936 2001 viro
957 1973 1046 2001 suo.
1087 1962 1385 2014 Interpositus⁷
1406 1966 1551 2002 autem
1569 1960 1708 2001 tribus

291 2021 358 2060 vel
389 2025 592 2073 quattuor
621 2021 756 2071 annis,
785 2021 940 2060 iterum
968 2021 1174 2062 mandata
1202 2018 1338 2061 mittit
1367 2021 1421 2063 ad
1450 2033 1544 2060 eam
1572 2024 1708 2059 mater

292 2081 394 2131 eius,
415 2080 643 2132 deprecans
664 2092 757 2119 eam
777 2079 831 2121 ad
853 2092 894 2118 se
915 2079 1125 2121 accedere.
1162 2079 1228 2119 Ad
1249 2080 1334 2130 illa,
1355 2079 1569 2119 honeratis
1588 2078 1707 2119 navi-

223 2145 269 2179 30
293 2139 386 2189 bus,
405 2144 497 2179 tam
517 2139 567 2180 de
587 2138 711 2178 rebus
732 2139 909 2191 propriis
932 2151 1059 2191 quam
1079 2139 1158 2178 viri
1178 2139 1255 2189 sui,
1276 2139 1546 2191 adsumptus⁸
1566 2149 1709 2179 secum

292 2211 377 2238 uno
392 2198 494 2248 filio,
510 2198 601 2237 viro
617 2197 796 2248 absenti,
812 2198 1002 2237 Toronus
1018 2203 1082 2237 est
1097 2198 1288 2250 adpulsa.
1324 2197 1404 2238 Sed
1420 2210 1517 2238 cum
1533 2209 1558 2236 a
1571 2201 1708 2236 matre

286 2262 464 2310 ,propter
486 2257 791 2309 inprobitatem
814 2257 919 2296 vire⁹
942 2261 1128 2298 retenere
1152 2269 1237 2297 non
1260 2257 1407 2310 possit,
1431 2256 1579 2296 scilicit
1601 2257 1708 2306 ne[c]

293 2316 577 2366 callumniam,
608 2329 687 2367 que
716 2316 803 2355 eius
832 2316 928 2357 dolo
951 2316 1158 2356 fabricata
1180 2316 1333 2366 fuerat,
1362 2315 1625 2368 exciperat¹⁰,
1654 2313 1708 2355 ad

295 2375 628 2425 Berttramnum,
645 2387 893 2427 germanum
912 2375 1014 2425 eius,
1033 2375 1170 2415 filium
1188 2375 1375 2417 videlicit
1393 2387 1530 2424 suum,
1551 2373 1710 2415 Burde-

223 2440 270 2474 35
292 2434 461 2486 galinsis
484 2434 669 2474 urbem11
686 2434 948 2487 episcupum,
972 2447 1066 2473 eam
1084 2433 1250 2475 direxit.
1291 2433 1567 2486 Prosequenti
1581 2433 1709 2485 igitur

392 2553 406 2573 1
432 2551 555 2589 haec.
582 2573 618 2577 -
645 2551 660 2573 2
684 2552 829 2597 gulae.
856 2573 893 2576 —
920 2552 935 2574 ³
961 2551 1057 2587 hos.
1081 2571 1134 2576 —
1153 2552 1167 2572 ⁴¹
1194 2551 1368 2587 matris.
1397 2572 1435 2576 —
1461 2552 1475 2573 ⁵
1499 2550 1703 2597 guberna

290 2616 360 2642 res
382 2605 660 2650 liberosque.
694 2626 731 2630 —
764 2605 1040 2640 ⁶accedens.
1072 2625 1126 2629 —
1151 2604 1497 2649 ⁷interp0sitis.
1531 2625 1569 2629 —
1603 2604 1706 2639 ⁸ad-
1741 2647 1744 2649 Α

297 2661 495 2704 sumpto.
522 2680 558 2683 —
587 2659 601 2680 ⁹
621 2657 727 2694 viri.
764 2679 800 2683 —
828 2654 860 2679 ³⁰
879 2658 1124 2703 exciperit.
1151 2678 1188 2682 -
1214 2658 1246 2679 ¹1
1275 2657 1415 2694 urbis,
