1786 3016
180 358 350 412 Jeme,
363 359 534 404 dicebat
557 361 677 414 quia:
691 361 817 402 «Sine
839 361 1012 402 consilio
1034 365 1262 415 parentum
1282 374 1377 402 eam
1398 373 1496 402 con-

25 472 27 474 r
128 440 142 456 ι
164 437 189 458 .
195 418 445 488 copolasti:
478 432 567 461 non
600 421 680 461 erit
706 433 814 461 uxor
838 425 975 462 tua.»
1000 421 1136 462 Erant
1161 421 1274 461 enim
1298 421 1385 461 iam
1410 422 1495 462 fere

20 498 47 526 5
59 489 162 527 xxx
178 479 296 531 anni,
319 492 372 521 ex
397 491 482 533 quo
505 480 724 521 coniuncti
746 480 906 534 pariter
929 481 1114 521 fuerant.
1153 480 1273 522 Adiit
1296 481 1409 521 enim
1432 481 1498 521 vir

19 591 22 595 ⁴
35 535 156 602 ¹„eius
178 536 430 594 plerumque
454 539 604 580 urbem
632 539 987 592 Burdegalinsim‚
1012 540 1085 581 sed
1110 540 1249 581 noluit
1272 553 1367 580 eam
1390 541 1498 593 epis-

16 630 21 639 .,
27 584 224 654 '‘-ff'copum
235 599 475 640 restituere.
507 599 615 640 Cum
630 603 777 640 autem
790 611 865 640 rex
885 599 1229 641 Guntthramnus
1245 599 1300 639 ad
1316 599 1496 640 Aurilia-
1518 605 1538 640 5

17 670 48 700 ²3·
62 657 224 701 ainaim
254 658 419 710 urbem,
452 658 563 700 sicut
594 659 639 700 in
671 659 931 712 superiorem
962 659 1120 700 librum
1152 659 1497 709 memoravimus,

16 717 327 774 ‚apadvenissen
353 717 414 759 ibi
439 731 538 759 eum
564 719 702 760 acrius
728 718 796 759 hic
823 719 888 759 vir
914 719 1149 772 inpugnare
1177 718 1316 759 verbis
1343 719 1498 772 coepit,

26 774 41 814 f
66 777 232 821 dicens:
263 790 282 819 «ε
309 777 555 819 Abstullisti
583 791 763 819 uxorem
792 791 933 818 meam
963 791 1061 819 oum
1091 778 1261 819 famulis
1291 778 1394 819 eius.
1442 779 1498 819 Et

20 839 179 894 Jmcce,
198 836 313 892 quod
330 837 596 880 sacerdotem
612 850 699 878 non
716 838 852 889 dicit1‚
869 843 920 879 tu
937 851 1034 879 cum
1053 838 1214 878 ancillis
1231 838 1350 889 meis,
1368 842 1411 878 et
1428 838 1500 878 illa

10 911 33 943 ;.
66 909 168 943 ,cum
182 897 355 939 famulis
371 897 472 949 tuis,
489 897 672 940 dedecus
690 897 889 939 adulterii
905 898 1174 951 perpetrasti.
1193 911 1210 938 »
1223 898 1342 938 Tunc
1359 899 1499 939 furore
1522 904 1570 937 10
1609 940 1613 945 ,

31 966 45 974 ·’
66 958 310 999 commotus
341 969 431 1008 rex,
464 957 689 998 adstrinsit
724 958 985 1011 episcopum,
1019 962 1069 998 ut
1102 957 1373 1011 pulliceretur
1405 970 1500 998 eam

26 1062 29 1063 ⁷
53 1015 244 1071 ,reddere
262 1016 356 1058 viro
376 1028 467 1068 suo,
489 1016 632 1059 dicens
655 1017 774 1070 quia:
797 1030 814 1057 <‹
835 1018 991 1058 Parens
1011 1030 1106 1058 mea
1126 1018 1203 1058 hec
1223 1022 1309 1067 est3
1329 1017 1365 1057 si
1387 1018 1501 1070 quic-

20 1094 26 1122 2
71 1089 202 1130 quam
215 1076 318 1117 mali
331 1077 521 1118 exercuit
535 1077 579 1117 in
594 1076 770 1119 domum
786 1077 866 1117 viri
881 1077 960 1128 sui,
975 1089 1052 1130 ego
1066 1077 1266 1128 ulciscar;
1281 1077 1347 1117 sin
1360 1077 1499 1127 alius²‚

23 1169 24 1172 η
69 1143 143 1178 σοι·
162 1135 267 1180 boni
287 1135 561 1178 deformitate
582 1136 846 1178 redectatus³
868 1137 947 1187 vir,
971 1137 1127 1178 coniux
1149 1137 1253 1187 eius,
1276 1137 1501 1178 aufertur?

13 1221 20 1231 a
69 1195 190 1237 Tunc
215 1195 524 1237 Berthramnus
549 1196 772 1250 episcopus
797 1197 1012 1250 pollicitus
1037 1201 1116 1247 est,
1142 1196 1306 1238 dicens:
1333 1209 1350 1236 «
1373 1196 1500 1238 Venit
1524 1201 1572 1236 15

0 1265 13 1296 r
69 1255 128 1297 ad
143 1267 227 1307 me,
243 1255 397 1307 fateor,
416 1268 533 1296 soror
550 1269 659 1307 mea,
680 1261 778 1310 post
799 1257 1033 1297 multorum
1052 1268 1262 1297 annorum
1280 1256 1501 1306 curricula,

0 1296 15 1418 ἒ
73 1327 204 1369 quam
218 1327 296 1371 pro
311 1316 505 1357 caritatis
521 1329 570 1357 ac
587 1315 784 1358 desiderii
800 1316 944 1357 studio
959 1317 1080 1357 tenui
1096 1328 1279 1367 mecum,
1296 1321 1346 1357 ut
1361 1316 1501 1356 libuit.

5 1374 21 1427 ,ζ
74 1374 198 1417 Nunc
224 1376 373 1416 autem
397 1376 571 1416 recessit
597 1389 623 1416 a
649 1388 738 1427 me3
764 1376 956 1429 requirat
983 1389 1097 1416 nunc
1124 1389 1219 1416 eam
1245 1380 1502 1428 revocetque

0 1428 14 1483 ἒξ
74 1447 159 1488 quo
177 1435 376 1486 voluerit,
395 1448 463 1476 me
483 1435 661 1476 obvium
680 1448 767 1476 non
785 1435 977 1476 habebit.
999 1449 1016 1476 »
1035 1436 1092 1476 Et
1111 1435 1188 1476 hec
1208 1435 1367 1486 dicens,
1387 1435 1503 1476 misit

0 1484 15 1543 ξἸ
71 1494 184 1537 clam
198 1494 380 1536 nuncius
397 1495 453 1538 ad
470 1508 580 1546 eam,
597 1495 808 1538 mandans
826 1500 889 1546 ut,
908 1500 1027 1536 veste
1045 1500 1216 1536 mutata
1233 1508 1282 1536 ac
1301 1500 1502 1549 peneten-
1525 1501 1573 1534 20

0 1544 19 1611 ᾖ
71 1554 182 1596 tiam
213 1559 406 1609 accepta,
437 1555 483 1596 in
514 1555 690 1596 basilica
722 1556 860 1596 sancti
892 1556 1067 1596 Martini
1099 1555 1324 1608 expeterit.
1380 1554 1503 1608 Quod

0 1610 26 1657 ν’
73 1613 211 1656 facere
230 1626 320 1656 non
339 1614 521 1656 distulit.
559 1615 765 1668 Venitqui
786 1615 850 1655 vir
871 1615 960 1655 eius
981 1628 1079 1656 cum
1100 1615 1226 1656 multi
1246 1615 1505 1668 insequenti*

0 1646 16 1704 5
73 1673 190 1725 viris,
207 1677 260 1716 ut
277 1686 372 1715 eam
389 1687 442 1715 ex
459 1675 553 1728 ipso
569 1674 663 1716 loco
682 1680 831 1716 sancto
849 1675 1031 1716 eiecerit.
1069 1675 1174 1715 Erat
1193 1675 1306 1715 enim
1323 1675 1367 1715 in
1386 1679 1504 1715 veste

0 1721 22 1786 ,4⁵2
73 1732 291 1787 relegiom,
310 1733 509 1775 adserens
529 1747 572 1775 se
592 1735 794 1788 accipisse
815 1735 1121 1788 penitenciam3
1142 1735 1215 1775 sed
1236 1735 1376 1775 virum
1396 1734 1506 1787 siqui

16 1810 17 1814 ¹
73 1791 286 1847 dixpexit.
339 1793 508 1835 Interea
542 1794 722 1837 defunto
756 1794 941 1847 (apud)
978 1794 1323 1847 Burdigallinsim
1356 1793 1507 1835 urbem
1529 1798 1576 1833 25

11 1870 22 1906 -ς
77 1851 362 1894 Berthramno
389 1853 603 1907 episcopo,
631 1854 723 1905 hec,
751 1854 806 1895 ad
834 1867 876 1894 se
904 1867 1087 1905 reversa,
1117 1854 1199 1895 ait:
1229 1867 1246 1894 «
1271 1854 1359 1896 Vae
1387 1854 1505 1904 mihi,

59 1924 160 1966 -que
187 1912 336 1955 audivi
363 1913 538 1955 consilio
565 1914 715 1954 matris
742 1926 861 1955 meae
889 1914 1047 1966 inique.
1094 1912 1205 1954 Ecce‘
1229 1914 1360 1954 frater
1388 1926 1506 1954 meus

77 1971 207 2024 obiit-‚3
241 1985 337 2014 ecce
357 1985 383 2014 a
403 1973 495 2014 viro
515 1973 717 2015 derelicta
737 1987 846 2025 sum,
867 1986 892 2014 a
911 1974 1010 2014 filiis
1030 1978 1248 2026 separata;
1268 1979 1311 2015 et
1334 1986 1417 2026 quo
1436 1973 1507 2014 ibo

75 2031 239 2083 infilex,
256 2032 325 2073 vel
343 2033 446 2086 quid
463 2034 652 2075 faciam?
670 2047 687 2074 »
700 2032 834 2085 Tunc,
852 2033 1000 2074 habito
1017 2034 1254 2085 consilium,
1273 2034 1508 2074 Pectavum

0 2118 3 2120 -
24 2120 26 2126 ,
76 2091 237 2146 pergit;
267 2092 492 2146 voluitque
507 2105 602 2133 eam
617 2099 755 2134 mater
770 2099 958 2134 retenere
974 2106 1131 2144 secum⁷
1147 2094 1220 2136 sed
1237 2094 1406 2147 penitus
1422 2105 1507 2134 non
1531 2099 1578 2133 30

17 2150 25 2186 ὶ
77 2151 236 2206 potuit.
272 2151 339 2193 Ex
371 2152 452 2194 hoc
485 2153 712 2199 inimicicia
745 2158 853 2204 orta,
888 2154 991 2195 dum
1025 2154 1165 2207 sepius
1198 2154 1307 2208 regis
1341 2166 1508 2207 presen-

23 2212 30 2259 ζ’
79 2211 190 2252 ciam
215 2211 392 2264 adeunt,
419 2217 463 2253 et
490 2213 566 2253 hec
592 2226 657 2253 res
685 2214 819 2266 patris
846 2213 1064 2255 defensare
1092 2214 1280 2267 cupiens,
1307 2213 1385 2254 hae
1413 2213 1506 2262 viri,

81 2270 362 2326 Bertegundis
383 2272 664 2314 donacionem
688 2273 1050 2314 Berthechramno
1071 2274 1261 2327 germani
1281 2274 1347 2314 sui
1368 2278 1507 2313 osten-

30 2347 33 2356 *
79 2329 160 2382 dit,
176 2330 320 2374 dicens
338 2331 458 2385 quia:
476 2345 493 2372 «
511 2331 601 2373 Hae
618 2338 661 2374 et
677 2333 753 2373 hec
769 2346 994 2386 germanus
1011 2346 1128 2374 meus
1144 2334 1249 2374 mihi
1264 2334 1462 2374 contullit
1480 2347 1507 2373 ».

36 2399 38 2404 ’
82 2389 166 2433 Sed
196 2395 334 2432 mater
363 2392 452 2433 eius
482 2395 636 2442 <non>
665 2393 900 2435 admittens
931 2393 1225 2444 donacionem,
1256 2393 1399 2434 omnia
1429 2393 1509 2433 sibi
1532 2398 1578 2433 35

80 2449 297 2492 vindicare
328 2452 517 2505 cupiens,
547 2452 679 2503 misit,
712 2466 793 2505 que
824 2453 940 2493 aeius
970 2454 1170 2494 fractam⁵
1199 2453 1375 2495 domum
1405 2453 1508 2502 eim,

24 2521 33 2550 -ῐ,
59 2521 228 2552 ,omnes
253 2523 319 2551 res
346 2511 458 2552 illius
485 2525 582 2553 cum
610 2512 689 2553 hac
717 2512 996 2555 donacionem
1025 2513 1298 2566 diripierunt;
1326 2513 1437 2555 unde
1466 2526 1508 2552 se

184 2641 199 2664 ²
225 2642 365 2680 decit.
391 2664 430 2669 ——
458 2643 474 2666 ²
493 2644 635 2681 aliud.
663 2665 700 2670 —
728 2645 743 2667 ³
764 2655 843 2680 cur
864 2645 948 2681 sub
970 2646 1094 2681 omni
1115 2645 1422 2681 deformitate
1443 2657 1509 2681 re-

31 2743 38 2751 v
83 2694 264 2738 dactus.
300 2717 338 2722 —-
373 2697 389 2719 ⁴
418 2698 580 2734 multis
611 2699 990 2745 insequentibus.
1018 2720 1054 2725 —
1089 2701 1103 2722 ⁵
1136 2700 1214 2745 qui
1244 2700 1508 2735 effractam.
