1786 3016
823 240 1046 282 *60*

223 360 314 395 tam
349 355 524 398 sicharii
557 369 685 415 quam
716 357 989 410 reliquorum,
1025 360 1097 411 qui
1129 360 1354 414 participes
1386 361 1510 403 huius
1541 353 1643 414 ville

224 419 358 465 erant,
394 415 588 456 incendio
622 418 924 467 concremavit,
960 418 1174 459 abducens
1210 432 1352 460 secum
1387 433 1539 474 pecora
1572 421 1641 463 vel

227 486 490 526 quecumque
512 476 691 515 moveri1
713 476 868 529 potuit.
907 477 1025 517 Tunc
1047 482 1189 530 partes
1211 491 1235 519 a
1256 479 1393 522 iudice
1415 479 1472 523 ad
1491 480 1642 525 civita-

224 538 313 573 tem
351 533 546 584 deducte,
585 547 733 575 causas
772 536 962 588 proprias
1000 537 1294 594 prolocuntur;
1332 539 1641 593 inventumque

185 595 206 630 5
228 597 292 632 est
312 605 336 632 a
354 592 576 644 iudicibus,
597 599 660 644 ut,
683 594 754 647 qui
773 594 933 635 nollens
954 608 1148 649 accepere
1170 597 1284 649 prius
1304 598 1642 651 conposicionem

227 650 377 692 domus
398 652 600 694 incendiis
621 653 822 704 tradedit,
844 655 1118 696 medietatem
1140 657 1282 708 precii,
1307 657 1420 709 quod
1442 658 1480 698 ei
1501 659 1642 700 fuerat

227 710 478 762 iudicatum,
495 712 710 752 amitteret
727 736 781 741 —
795 718 838 753 et
853 713 932 754 hoc
949 720 1097 755 contra
1112 715 1212 768 legis
1229 721 1387 767 actum,
1403 722 1454 757 ut
1467 721 1642 758 tantum

228 769 396 822 pacifici
421 771 697 813 redderentur
722 795 776 800 —
799 773 881 812 alia
906 786 1007 813 vero
1031 774 1305 815 medietatem
1329 776 1642 828 conposiciones

231 828 442 870 Sicharius
467 830 684 872 reddered.
726 831 844 871 Tunc
870 832 1020 873 datum
1045 833 1099 873 ab
1125 833 1272 883 eclesia
1297 840 1533 887 argentum,
1561 848 1645 889 que

157 892 205 926 10
227 887 523 929 iudicaverunt
549 895 724 942 accepta
750 891 974 931 securitate
1001 894 1238 945 conposuit,
1265 893 1376 935 datis
1405 893 1484 934 sibi
1501 899 1643 948 partes

228 947 410 987 invicem
430 949 717 999 sacramentiS,
738 954 787 990 ut
806 950 921 990 nullo
940 964 1145 1003 umquam
1164 957 1353 1005 tempore
1373 958 1521 994 contra
1539 954 1643 995 alte-

227 1018 323 1046 rum
349 1020 446 1059 pars
472 1007 554 1047 alia
579 1009 817 1049 musitaret.
862 1010 918 1050 Et
944 1010 1001 1050 sic
1027 1011 1249 1051 altercacio
1273 1013 1503 1053 terminum
1527 1013 1642 1054 fecit.

311 1065 390 1116 IX,
414 1066 477 1106 19.
511 1066 674 1107 Bellum
705 1080 805 1107 vero
835 1068 953 1122 illud,
988 1070 1100 1121 quod
1131 1070 1241 1111 inter
1271 1071 1383 1111 cives
1414 1071 1644 1113 Toronicus

229 1124 418 1177 superius
451 1125 634 1167 diximus
665 1127 956 1178 terminatum,
989 1129 1032 1168 in
1062 1129 1253 1170 rediviva
1283 1143 1449 1171 rursum
1479 1131 1645 1172 insania

159 1187 206 1221 15
230 1184 376 1235 surgit.
421 1185 531 1224 Nam
559 1185 785 1236 Sicharius,
812 1199 909 1226 cum
935 1193 1031 1240 post
1056 1188 1393 1229 interfectionem
1418 1195 1644 1243 parentum

229 1242 466 1285 Cramsindi
482 1257 682 1296 magnam
699 1258 796 1285 cum
814 1258 862 1285 eo
880 1247 1115 1287 amiciciam
1133 1249 1411 1300 patravissed,
1430 1254 1472 1290 et
1489 1250 1534 1290 in
1548 1255 1645 1290 tan·

228 1306 323 1341 tum
342 1315 385 1342 se
404 1303 582 1343 caritate
601 1309 752 1344 mutua
773 1304 1006 1357 diligerent,
1026 1312 1076 1347 ut
1095 1307 1341 1360 plerumque
1361 1307 1484 1348 simul
1502 1309 1644 1358 cibum

229 1366 443 1413 caperent,
474 1375 522 1402 ac
550 1363 594 1402 in
623 1376 708 1403 uno
737 1365 895 1416 pariter
924 1370 1062 1406 stratu
1091 1367 1398 1418 recumberent,
1429 1368 1645 1420 quandam

230 1419 296 1460 die
318 1433 466 1460 cenam
487 1422 566 1462 sub
587 1428 795 1463 nocturno
815 1429 1005 1476 tempore
1027 1431 1225 1478 preparat
1246 1426 1561 1477 Chramsindus‚
1582 1427 1645 1467 in-

161 1484 208 1518 20
231 1479 372 1519 vitans
396 1480 631 1521 Sicharium
650 1482 703 1522 ad
724 1482 896 1535 epulum
917 1497 1053 1524 suum.
1089 1483 1214 1525 Cum²
1231 1486 1440 1536 veniente,
1459 1485 1645 1528 resident

231 1539 388 1591 pariter
410 1539 464 1581 ad
488 1541 745 1581 convivium.
784 1542 973 1595 Cumque
1001 1543 1210 1584 Sicharius
1232 1544 1475 1597 crapulatus
1498 1558 1523 1585 a
1545 1545 1646 1586 vino

165 1646 167 1651 Α
230 1597 366 1638 multa
393 1598 573 1639 iactaret
600 1600 643 1640 in
672 1601 933 1652 Cramsindo,
963 1602 1016 1644 ad
1045 1608 1283 1643 extremum
1310 1603 1463 1646 dixisse
1491 1605 1644 1645 fertur:

232 1670 248 1695 «
273 1657 448 1709 Magnas
474 1658 579 1698 mihi
605 1659 730 1701 debes
757 1661 909 1701 referre
935 1666 1055 1713 grat<
1067 1675 1110 1702 es
1122 1665 1156 1713 >,
1185 1675 1209 1702 o
1237 1663 1473 1703 dulcissime
1499 1664 1645 1715 frater,

231 1728 280 1756 eo
297 1716 409 1768 quod
423 1717 704 1758 interficerem
719 1725 914 1772 parentes
927 1726 1038 1771 tuOS,
1055 1721 1105 1763 de
1124 1722 1275 1774 quibus
1290 1727 1464 1775 accepta
1477 1735 1646 1776 compo·
1667 1738 1675 1745 ⁵

162 1780 209 1814 25
232 1775 400 1826 sicione,
415 1789 565 1816 aurum
579 1783 884 1831 argentumque
912 1780 1229 1833 superabundat
1248 1781 1291 1821 in
1314 1781 1488 1823 domum
1510 1786 1646 1832 tuam,

231 1839 274 1874 et
295 1848 407 1875 nunc
427 1836 566 1878 nudus
587 1837 688 1877 essis
709 1843 752 1877 et
773 1851 910 1890 egens,
933 1839 1013 1879 nisi
1033 1840 1110 1879 hec
1130 1845 1172 1880 te
1194 1853 1321 1880 causa
1341 1840 1561 1894 paululum
1580 1853 1646 1881 ro-

231 1893 428 1935 borassit.
462 1908 478 1934 »
511 1895 598 1936 Hec
629 1896 696 1936 ille
729 1897 919 1948 audiens,
952 1902 1111 1938 amare³
1143 1900 1327 1952 suscepit
1358 1900 1500 1940 animo
1531 1899 1647 1942 dicta

237 1953 410 2004 Sichari‚
427 1953 619 2007 dixitque
634 1956 677 1996 in
692 1956 815 1998 corde
831 1969 926 1998 suo:
943 1970 960 1997 «
975 1958 1064 1997 Nisi
1077 1958 1485 1999 ulciscarinteritum
1499 1972 1646 2012 paren-

232 2017 327 2052 tum
352 2025 556 2063 meorum,
582 2015 769 2055 amitteri
794 2028 948 2057 nomen
974 2017 1054 2057 viri
1079 2016 1211 2059 debeo
1237 2022 1279 2058 et
1305 2018 1453 2058 mulier
1476 2018 1647 2058 infirma

163 2076 211 2110 30
234 2083 398 2112 vocare.
420 2085 437 2112 »
456 2072 511 2112 Et
530 2073 677 2113 statim
696 2074 895 2115 extinctis
913 2075 1204 2127 luminaribus,
1224 2082 1353 2130 caput
1375 2077 1535 2118 Sichari
1553 2089 1647 2118 seca

234 2130 401 2173 dividit.
448 2131 529 2184 Qui
551 2133 771 2184 parvolam
792 2134 836 2174 in
856 2134 948 2187 ipso
970 2136 1084 2175 vitae
1106 2136 1335 2176 terminum
1357 2148 1503 2176 vocem
1525 2136 1647 2176 emit-

233 2194 342 2240 tens,
358 2190 510 2230 cecidit
524 2196 567 2231 et
582 2197 775 2233 mortuus
790 2198 866 2233 est.
900 2194 1022 2234 Pueri
1037 2207 1150 2245 vero,
1168 2195 1239 2247 qui
1253 2208 1350 2235 cum
1364 2207 1412 2235 eo
1427 2200 1646 2246 venerant,

234 2248 495 2290 dilabuntur.
539 2251 810 2294 Cramsindus
836 2253 1079 2293 exanimum
1105 2267 1256 2307 corpus
1282 2254 1493 2295 nudatum
1519 2255 1647 2294 vesti-

234 2309 388 2348 mentis
408 2309 613 2361 adpendit
631 2310 676 2351 in
695 2311 803 2363 sepis
823 2311 981 2364 stipite,
1001 2313 1265 2365 ascensisque
1285 2313 1525 2366 aequitibus
1544 2313 1646 2364 eius,

165 2371 212 2406 35
235 2367 288 2408 ad
306 2380 446 2420 regem
464 2369 607 2420 petiit3
626 2370 918 2422 ingressusque
937 2372 1126 2422 aeclesia,
1145 2372 1199 2414 ad
1217 2372 1341 2424 pedes
1359 2377 1647 2425 prosternetur

234 2426 355 2478 regis,
375 2427 535 2468 dicens:
556 2440 573 2467 «
590 2428 733 2469 Vitam
752 2435 865 2482 peto,
885 2443 908 2469 o
925 2430 1101 2482 gloriose
1119 2444 1206 2481 rex,
1225 2444 1274 2471 eo
1294 2431 1406 2483 quod
1426 2431 1647 2473 occiderim

235 2485 408 2536 omines,
430 2487 515 2538 qui,
535 2493 730 2539 parentes
749 2502 866 2528 meus
884 2489 1023 2529 chlam
1041 2490 1287 2541 interfectis,
1305 2503 1370 2530 res
1389 2503 1532 2530 omnes
1550 2490 1648 2530 diri-

236 2550 431 2596 puerunt.
469 2559 485 2585 ›>
517 2546 720 2599 Cumque,
755 2548 958 2600 expositis
993 2562 1066 2601 per
1099 2549 1287 2589 ordinem
1322 2550 1470 2600 causis,
1504 2549 1647 2602 regina

339 2672 353 2693 1
382 2682 575 2709 movere.
610 2695 646 2698 -
681 2673 696 2695 ²
724 2684 821 2719 quo.
853 2695 888 2699 -
919 2675 934 2696 ³
961 2685 983 2710 a
1012 2685 1151 2712 maro.

1700 142 1720 189 ἴῖᾫ-
1702 32 1727 71 ys„

1776 538 1777 541 „
1766 502 1774 506 v
1768 477 1773 483 .
1763 436 1766 440 ’
1768 402 1772 422 ⁴-
1758 378 1761 382 ‘
1771 339 1773 341 .
1759 243 1773 275 εἳ
1757 138 1763 151 “”

1776 469 1786 575 ...ἠ-«κ.
1778 411 1781 414 Δ
1777 351 1783 370 Α»
