1786 3016
280 338 352 392 qui
369 344 563 380 mortuus
582 345 647 381 est
666 345 765 381 ante
785 340 861 381 hos
878 353 1025 382 annos.
1062 342 1183 385 Unde
1203 342 1477 384 manifestum
1494 347 1574 395 est,
1595 343 1694 397 quia

277 397 466 440 inludere
488 399 644 451 venisti
674 400 885 453 sapientes
910 400 1203 454 Ephesiorum,
1225 401 1403 455 ideoque
1426 401 1695 445 subiciendus
1743 418 1746 419 ⁷

248 502 249 505 Ἴ
279 456 360 497 eris
374 458 613 509 tormentis,
630 459 905 512 quoadusque
921 460 1083 512 aperias
1098 459 1338 502 veritatem.
1365 461 1695 516 Commotusque

279 516 483 568 Malchus,
500 530 596 558 cum
613 523 784 571 stupore
801 524 844 559 et
859 519 1042 559 lacrimis
1059 519 1139 560 ait:
1159 520 1302 560 Unum
1318 519 1453 571 vobis,
1470 519 1504 560 si
1521 520 1696 573 dignum

239 580 260 614 5
283 575 451 627 ducitis,
473 577 600 617 velim
620 578 897 630 interrogare:
922 578 1072 618 Decius
1093 578 1337 632 imperator,
1361 579 1433 632 qui
1452 582 1697 632 persecutus

280 639 344 676 est
377 635 626 677 christianos
654 637 699 677 in
727 637 805 677 hac
835 637 953 687 urbe,
984 637 1059 677 ubi
1089 638 1185 678 est?
1236 637 1449 678 Marianus
1477 639 1698 692 episcopus

280 695 518 747 respondit:
559 696 653 736 Non
686 701 750 736 est
784 696 828 736 in
861 696 940 736 hac
973 696 1091 747 urbe,
1124 696 1186 737 fili
1217 697 1493 748 dilectissimi,
1525 697 1590 738 vir
1627 697 1700 751 qui

281 758 472 807 tempore
498 755 614 795 Decii
645 755 824 806 recolat3
857 760 957 796 ante
989 756 1149 796 multus
1178 755 1290 798 enim
1316 768 1452 796 annus
1474 756 1699 798 defunctus

282 818 360 853 est.

212 901 260 934 10
365 896 403 936 9.
437 896 552 936 Haec
583 897 758 939 audiens
788 897 993 947 Malchus,
1025 909 1253 938 conversus
1283 897 1338 939 ad
1368 910 1426 948 se,
1456 896 1565 939 dixit
1595 897 1702 950 epis-

283 966 409 1007 copo:
440 955 653 996 Putabam
681 969 747 996 me
775 969 873 996 cum
900 956 1103 997 fratribus
1131 956 1235 996 meis
1262 969 1349 996 una
1375 961 1548 1000 tantum
1575 960 1700 997 nocte
1759 965 1762 966 ’

284 1013 507 1066 dormisse;
532 1015 618 1066 sed,
642 1021 692 1056 ut
714 1028 935 1067 cognosco,
960 1015 1192 1056 multorum
1215 1027 1425 1056 annorum
1447 1028 1572 1068 super
1593 1027 1703 1055 som-

283 1073 402 1113 nium
423 1079 618 1116 nostrum
640 1075 845 1115 curricola
865 1075 1139 1115 transierunt.
1179 1075 1235 1114 Et
1257 1088 1370 1115 nunc
1392 1074 1615 1115 suscitavit
1637 1086 1703 1114 me

287 1132 493 1173 Dominus
519 1146 616 1174 cum
640 1134 843 1174 fratribus
869 1134 986 1184 meis,
1011 1139 1060 1174 ut
1085 1139 1312 1185 cognoscat
1339 1133 1474 1175 omnis
1499 1133 1704 1184 saeculus,

215 1196 262 1230 15
287 1192 387 1244 quia
420 1193 497 1233 fiet
530 1193 779 1233 resurrectio
813 1198 1093 1233 mortuorum.
1147 1193 1381 1245 Sequimini
1413 1204 1512 1244 ergo
1545 1205 1626 1243 me,
1661 1196 1706 1232 et

286 1251 510 1293 ostendam
547 1252 668 1292 vobis
705 1253 857 1292 fratres
894 1265 1023 1302 meOS,
1063 1252 1135 1305 qui
1170 1264 1336 1292 mecum
1371 1255 1704 1292 resurrexerunt.

287 1310 405 1350 Tunc
430 1313 696 1364 stupefactus
721 1311 956 1364 episcopus,
982 1324 1080 1353 cum
1104 1312 1319 1364 praefecto
1343 1315 1386 1351 et
1411 1310 1526 1350 omni
1548 1310 1706 1364 populo

287 1375 511 1422 sequentes
526 1371 755 1422 Malchum,
767 1375 975 1411 venerunt
987 1370 1041 1413 ad
1053 1371 1311 1423 speluncam.
1341 1369 1548 1410 Narrante
1561 1374 1706 1410 autem

287 1428 502 1469 Malchum
531 1430 735 1471 fratribus
768 1443 874 1482 quae
905 1430 942 1470 ei
971 1429 1247 1482 contigissent
1276 1429 1320 1469 in
1349 1429 1467 1479 urbe,
1497 1429 1707 1481 ingressus

218 1492 265 1526 20
288 1488 523 1542 episcopuS,
550 1490 735 1543 repperit
762 1489 962 1529 scrinium
989 1489 1155 1531 duobus
1183 1489 1326 1541 sigillis
1353 1487 1562 1540 argenteis
1589 1499 1708 1540 prae-

288 1547 517 1599 signatum,
532 1562 804 1602 egressusque
819 1549 934 1599 foris,
949 1561 1188 1588 convocans
1205 1559 1373 1588 omnem
1387 1545 1708 1588 multitudinem

288 1606 476 1647 civitatis
492 1621 589 1649 cum
606 1609 834 1661 praefecto,
850 1608 1017 1660 aperuit
1033 1607 1166 1660 sigilla
1182 1612 1224 1647 et
1240 1606 1403 1647 invenit
1419 1606 1525 1648 duas
1539 1605 1709 1646 tabulas

290 1666 525 1718 plumbeas,
549 1667 592 1707 in
619 1668 771 1720 quibus
795 1668 953 1720 scripta
977 1672 1067 1707 erat
1093 1666 1228 1706 omnis
1253 1666 1392 1719 passio
1416 1677 1576 1715 eorum,
1600 1665 1710 1705 sicut

290 1738 418 1778 supra
448 1727 684 1777 retulimus,
715 1732 763 1767 et
794 1730 1098 1779 cognoverunt,
1133 1725 1231 1778 quia
1262 1737 1363 1765 vera
1393 1729 1514 1764 erant
1547 1735 1653 1776 quae
1685 1735 1710 1763 a

220 1789 268 1823 25
293 1784 459 1825 Malcho
487 1786 749 1828 dicebantur.

378 1868 441 1909 10.
472 1869 590 1909 Tunc
614 1869 788 1921 ingressi
811 1869 1064 1908 invenerunt
1087 1867 1235 1907 beatos
1259 1870 1467 1919 martyres
1490 1865 1534 1905 in
1557 1863 1711 1917 angulo

293 1927 516 1979 speluncae
550 1928 758 1978 sedentes,
792 1933 834 1968 et
867 1932 989 1967 erant
1021 1927 1149 1966 facies
1182 1938 1328 1966 eorum
1359 1930 1584 1976 tamquam
1615 1935 1712 1963 rosa

293 1986 508 2027 florientes
523 1992 566 2027 et
581 1988 689 2028 sicut
704 1987 765 2027 sol
780 1987 822 2027 in
837 1987 997 2026 virtute
1012 1986 1196 2038 fulgens3
1211 1984 1314 2024 nihil
1328 1983 1440 2024 enim
1454 1982 1712 2025 diminutum

294 2050 385 2085 erat
407 2059 543 2099 neque
567 2046 617 2086 de
640 2046 907 2086 vestimentis
929 2058 1065 2098 neque
1088 2044 1139 2086 de
1162 2043 1406 2096 corporibus
1428 2054 1586 2082 eorum.
1624 2041 1713 2081 Ma-

223 2109 271 2143 30
294 2105 410 2145 rinus
442 2111 587 2146 autem
617 2107 840 2159 episcopus
871 2118 968 2145 cum
1000 2104 1213 2157 praefecto
1245 2102 1428 2156 procidit
1456 2106 1555 2141 ante
1587 2099 1713 2153 pedes

294 2176 439 2204 eorum
462 2170 505 2205 et
528 2165 724 2206 adoravit
746 2177 830 2215 eos,
853 2169 896 2204 et
919 2164 1055 2203 omnis
1079 2162 1260 2215 populus
1282 2160 1538 2214 glorificavit
1562 2160 1714 2208 Deum,
1739 2206 1741 2208 ¹

298 2223 369 2275 qui
405 2223 604 2275 dignatus
640 2229 704 2264 est
738 2224 869 2263 talem
904 2223 1156 2262 miraculum
1193 2220 1411 2262 ostendere
1448 2218 1579 2258 servis
1615 2217 1714 2259 suis.

299 2282 445 2323 Sancti
471 2288 878 2324 veronarraverunt
905 2283 1101 2335 episcopo
1128 2285 1171 2320 et
1199 2279 1314 2320 omni
1339 2278 1496 2332 populo
1525 2290 1631 2330 quae
1657 2277 1715 2317 eis

296 2346 487 2394 tempore
517 2343 633 2382 Decii
660 2342 946 2382 accessissent.
992 2340 1225 2393 Episcopus
1252 2351 1351 2378 vero
1378 2350 1474 2378 cum
1503 2337 1715 2390 praefecto

226 2405 273 2440 35
298 2400 504 2441 miserunt
540 2402 713 2442 nuntios
749 2401 804 2443 ad
839 2400 1122 2441 Theodosium
1158 2399 1471 2450 imperatorem,
1508 2396 1715 2438 dicentes:

299 2460 484 2511 Festina,
510 2467 719 2513 quantum
742 2461 866 2500 citius
890 2464 1024 2512 potes,
1048 2459 1083 2498 si
1105 2457 1168 2497 vis
1192 2456 1333 2498 videre
1357 2455 1607 2495 miraculum
1628 2466 1717 2493 ma-

298 2531 444 2572 gnum,
465 2518 577 2571 quod
595 2521 869 2560 manifestum
886 2523 965 2567 est,
983 2518 1197 2558 tribuente
1217 2516 1320 2565 Deo,
1337 2513 1600 2566 temporibus
1615 2512 1715 2553 tuis.

302 2579 345 2620 Si
379 2578 491 2618 enim
527 2580 704 2629 veneris,
740 2591 978 2630 cognosces,
1014 2589 1085 2629 spe
1120 2573 1435 2615 resurrectionis
1470 2572 1594 2613 valde
1629 2583 1717 2611 esse

299 2639 450 2680 utilem
471 2638 593 2678 iuxta
615 2638 882 2692 sponsionem
906 2634 1191 2689 promissionis
1214 2632 1493 2685 evangelicae.
