1786 3016
899 231 1107 271 -22-

727 345 780 386 Β.
809 346 1260 397 Frankengeschichtc.

628 439 680 478 ·1.
714 439 808 478 Aas
829 438 918 478 dem
938 438 1072 478 Leben
1093 437 1161 479 der
1185 437 1346 479 Kirche.

433 521 499 571 *a)
533 520 1009 561 Bischofswahlen
1035 521 1168 573 (Hist.
1188 522 1339 562 Franc.
1363 522 1442 573 IV,
1467 521 1577 573 5-7).

344 592 408 632 *5.
441 591 631 644 Denique
650 604 747 632 cum
766 591 917 632 beatus
943 592 1212 645 Quintianus,
1232 592 1341 633 sicut
1360 605 1487 646 supra
1505 592 1704 644 diximus,

248 657 269 692 5
292 651 347 692 ab
370 651 450 691 hoc
473 650 633 692 mundo
656 651 871 703 migravit,
897 656 1068 691 sanctus
1096 651 1240 692 Gallus
1263 651 1308 692 in
1331 651 1420 692 eius
1443 651 1704 702 cathedram,

289 723 384 763 rege
417 710 655 762 opitulante
685 710 945 750 substitutus
976 715 1055 751 est.
1105 710 1240 751 Huius
1270 715 1460 764 tempore
1490 723 1587 752 cum
1615 711 1705 752 lues

291 770 363 810 illa
392 781 520 822 quam
545 769 826 820 inguinariam
854 774 1011 809 vocant
1038 782 1111 822 per
1137 770 1324 810 diversas
1349 770 1537 822 regiones
1564 769 1706 811 desae-

291 829 415 878 viret,
438 833 480 868 et
501 828 685 868 maxime
706 833 809 868 tunc
830 828 1110 868 Arelatensim
1133 829 1394 881 provinciam
1415 829 1706 882 depopularet,

293 892 466 928 sanctus
493 887 637 927 Gallus
659 900 740 928 non
766 892 938 927 tantum
961 900 1036 940 pro
1058 901 1100 927 se
1125 892 1334 940 quantum
1356 901 1432 941 pro
1454 887 1610 942 populo
1631 900 1707 929 suo

222 953 270 986 10
292 946 483 1000 trepidus
499 951 603 986 erat.
635 946 824 999 Cumque
841 946 906 988 die
921 951 1135 1000 noctuque
1153 947 1382 989 Dominum
1397 947 1707 1000 deprecaretur,
1766 981 1769 982 γ

293 1011 342 1047 ut
357 1006 484 1046 viven
500 1018 518 1045 s
534 1006 698 1058 plebem
714 1018 834 1046 suam
849 1006 1009 1046 vastari
1023 1018 1110 1047 non
1123 1006 1316 1056 cernerit,
1332 1019 1406 1059 per
1420 1006 1559 1047 visum
1572 1006 1708 1047 noctis

294 1065 494 1119 apparuit
512 1065 549 1104 ei
566 1065 738 1117 angelus
758 1065 941 1115 Domini,
962 1065 1032 1117 qui
1048 1070 1139 1105 tam
1157 1065 1383 1106 caesariem
1402 1078 1529 1119 quam
1547 1070 1709 1106 vestem

295 1125 339 1165 in
366 1124 686 1166 similitudinem
713 1125 822 1176 nivis
850 1124 1075 1166 candidam
1104 1124 1323 1175 efferebat,
1350 1129 1394 1165 et
1421 1125 1484 1166 ait
1511 1124 1566 1167 ad
1592 1137 1709 1166 eum:

297 1197 313 1225 «
333 1184 444 1224 Bene
463 1183 575 1223 enim
594 1183 710 1233 facis,
731 1196 754 1223 o
773 1183 979 1233 sacerdos,
1001 1183 1113 1236 quod
1132 1184 1190 1224 sic
1211 1184 1441 1226 Dominum
1459 1196 1535 1237 pro
1553 1183 1711 1238 populo

225 1248 274 1282 15
296 1248 374 1284 tuo
400 1242 625 1295 supplicas.
670 1243 885 1284 Exaudita
911 1247 975 1282 est
1001 1243 1113 1282 enim
1140 1243 1276 1283 oratio
1301 1248 1399 1294 tua3
1441 1247 1484 1284 et
1510 1255 1604 1284 ecce
1631 1243 1711 1283 eris

297 1315 394 1343 cum
422 1302 578 1355 populo
604 1307 681 1342 tuo
708 1301 763 1342 ab
789 1302 868 1342 hac
894 1301 1145 1343 infirmitate
1172 1302 1390 1353 liberatus,
1415 1302 1640 1355 nullusque
1667 1306 1711 1342 te

297 1362 469 1402 vivente
491 1361 534 1400 in
555 1362 721 1412 regione
742 1361 825 1401 ista
847 1361 901 1401 ab
922 1361 1001 1401 hac
1023 1367 1162 1413 strage
1184 1362 1384 1414 deperiet.
1425 1361 1546 1402 Nunc
1566 1366 1711 1402 autem

297 1434 349 1462 ne
373 1420 546 1470 timeas,
587 1425 683 1473 post
708 1425 803 1460 octo
828 1433 927 1460 vero
952 1433 1084 1460 annos
1108 1421 1225 1461 time.
1252 1434 1268 1460 »
1293 1420 1414 1464 Unde
1438 1420 1712 1461 manifestum

299 1479 395 1530 fuit,
413 1479 639 1519 transactis
657 1479 721 1519 his
740 1479 860 1520 annis
878 1492 975 1520 eum
993 1492 1017 1519 a
1035 1479 1201 1520 saeculo
1219 1479 1468 1520 discessisse.
1505 1480 1713 1533 Experge-

227 1544 275 1578 20
299 1540 438 1579 factus
455 1543 599 1579 autem
615 1543 657 1578 et
676 1539 764 1578 Deo
778 1538 936 1591 gratias
953 1551 1028 1591 pro
1043 1539 1122 1579 hac
1139 1538 1424 1579 consolatione
1441 1551 1582 1591 agens,
1601 1538 1714 1591 quod

299 1611 396 1639 eum
414 1611 488 1651 per
505 1597 728 1638 caelestem
745 1598 945 1638 nuntium
963 1599 1200 1638 confortare
1221 1598 1419 1651 dignatus
1437 1603 1515 1648 est,
1532 1597 1715 1650 rogatio-

298 1671 371 1698 nes
392 1657 483 1697 illas
504 1657 706 1707 instituit,
721 1662 770 1697 ut
791 1657 930 1699 media
954 1657 1273 1710 quadragesima
1294 1657 1510 1710 psallendo
1531 1657 1585 1697 ad
1605 1656 1715 1697 basi-

299 1717 424 1757 licam
446 1716 563 1756 beati
587 1716 738 1756 Iuliani
761 1716 961 1768 martyris
982 1716 1130 1756 itinere
1154 1716 1338 1769 pedestri
1359 1716 1566 1756 venirent.
1607 1715 1716 1757 Sunt

301 1781 446 1817 autem
466 1775 509 1815 in
529 1775 607 1815 hoc
627 1775 775 1816 itinere
798 1775 917 1828 quasi
937 1775 1076 1817 stadia
1096 1775 1189 1816 360.
1225 1776 1343 1816 Tunc
1363 1775 1494 1815 etiam
1511 1775 1554 1815 in
1574 1774 1716 1816 subita

230 1839 278 1874 25
302 1835 659 1887 contemplatione
677 1835 857 1887 parietes
874 1834 940 1874 vel
958 1834 1179 1877 domorum
1196 1835 1263 1875 vel
1279 1834 1546 1875 ecclesiarum
1563 1833 1717 1886 signari

302 1894 573 1943 videbantur,
607 1893 718 1935 unde
753 1907 778 1934 a
810 1894 978 1935 rusticis
1012 1894 1079 1934 hic
1113 1894 1310 1947 scriptos²
1342 1894 1433 1934 Tau
1466 1893 1715 1934 vocabatur.

302 1954 407 1995 Cum
427 1957 572 1993 autem
600 1953 788 2004 regiones
816 1953 934 2003 alias,
954 1958 1003 1993 ut
1023 1953 1221 2002 diximus,
1242 1953 1330 1993 lues
1349 1953 1419 1992 illa
1439 1956 1717 1999 consumeret,

302 2012 358 2055 ad
382 2012 603 2053 civitatem
628 2013 877 2062 Arvernam,
904 2006 1040 2052 sancti
1069 2012 1177 2053 Galli
1201 2011 1487 2058 intercedente
1514 2011 1717 2060 oratione,

302 2084 388 2112 non
410 2071 570 2123 attigit.
611 2071 732 2114 Unde
754 2084 830 2125 ego
851 2084 936 2111 non
959 2084 1137 2124 parvam
1158 2084 1306 2111 censeo
1326 2071 1522 2123 gratiam,
1547 2070 1619 2122 qui
1638 2070 1718 2109 hoc

233 2137 280 2170 30
304 2131 473 2180 meruit,
493 2135 543 2171 ut
564 2135 709 2183 pastor
729 2131 891 2183 positus
913 2143 1011 2170 oves
1033 2143 1128 2170 suas
1150 2130 1343 2173 devorari
1362 2129 1613 2172 defendente
1636 2129 1719 2169 Do-

304 2190 419 2230 mino
443 2202 529 2230 non
553 2189 730 2231 videret.
771 2190 876 2230 Cum
900 2194 1044 2230 autem
1068 2189 1123 2230 ab
1146 2190 1225 2229 hoc
1249 2189 1408 2231 mundo
1431 2189 1653 2241 migrasset
1676 2192 1719 2227 et

304 2249 479 2289 ablutus
494 2249 537 2289 in
551 2249 724 2288 ecclesia
739 2249 988 2301 deportatus
1003 2248 1164 2298 fuisset,
1181 2249 1285 2289 Cato
1300 2248 1506 2301 presbiter
1518 2247 1720 2288 continuo

306 2321 330 2348 a
350 2303 508 2348 clericis
529 2307 580 2350 de
601 2307 847 2360 episcopatu
867 2308 1012 2350 laudes
1033 2307 1216 2360 accepit;
1237 2312 1279 2347 et
1300 2320 1466 2347 omnem
1486 2319 1574 2346 rem
1594 2305 1720 2346 eccle-

306 2367 405 2417 siae,
419 2371 644 2419 tamquam
659 2367 693 2406 si
707 2367 791 2406 iam
806 2372 915 2406 esset
929 2367 1163 2419 episcopus,
1178 2366 1222 2406 in
1236 2379 1311 2407 sua
1322 2366 1482 2418 redegit
1494 2369 1720 2418 potestate,

236 2431 283 2466 35
307 2427 569 2466 ordinatores
585 2430 789 2476 removet,
805 2425 1019 2467 ministros
1035 2426 1208 2478 respuit,
1226 2430 1378 2466 cuncta
1394 2438 1466 2478 per
1481 2438 1523 2465 se
1539 2424 1719 2466 ordinat.

362 2485 427 2526 *6.
460 2485 659 2538 Episcopi
685 2490 830 2525 tamen
859 2485 931 2537 qui
957 2485 1219 2527 advenerant
1247 2484 1301 2526 ad
1328 2489 1523 2524 sanctum
1554 2483 1721 2524 Gallum

309 2544 611 2597 sepeliendum,
648 2549 875 2597 postquam
910 2557 1006 2584 eum
1041 2544 1304 2596 sepelierant,
1340 2543 1538 2585 dixerunt
1572 2541 1723 2583 Catoni

407 2670 422 2691 1
448 2669 485 2705 d.
506 2670 529 2705 i.
546 2668 609 2704 hic
625 2669 792 2714 scriptus
806 2670 870 2717 fiir
884 2668 956 2704 hoc
973 2669 1173 2713 scriptum,
1191 2680 1220 2705 s.
1243 2669 1385 2703 Bonnet
1401 2669 1440 2703 S.
1459 2668 1508 2703 26
1525 2678 1559 2703 n.
1580 2667 1615 2703 6.
