1786 3016
677 251 888 292 ...25-

43 377 65 418 '5
112 392 131 407 ψ
152 368 476 423 ·2.Mondericum
493 376 718 425 expetunt.
762 371 844 425 Qui
863 383 889 411 a
906 383 1001 423 rege
1020 370 1213 413 indultus
1233 383 1282 410 00
1299 354 1493 410 tons‘ora-

138 431 390 489 “opiscopus
407 431 642 483 ordinatur,
660 430 740 472 sub
756 443 805 471 ea
822 431 974 484 specie,
990 435 1054 480 ut,
1071 430 1175 472 dum
1190 429 1343 471 beatus
1359 429 1495 470 Tetri—

31 509 54 520 ·
150 491 338 543 viveret,
351 491 422 532 1110
437 491 801 534 Ternodorensem
817 495 1007 531 castrum
1023 494 1074 530 ut
1090 489 1416 543 archipresbiter
1432 501 1496 528 re-

35 550 176 610 Ἧι
195 555 336 606 utque
363 550 407 592 in
436 563 486 592 eo
514 555 864 600 commoraretur,
894 550 1104 603 migrante
1134 561 1235 589 vero
1265 549 1495 599 decessore,

28 611 150 665 ‹3125ssss
158 610 426 657 succederet.
466 610 516 651 In
538 622 622 664 quo
641 615 782 650 castro
803 610 906 652 dum
927 608 1158 659 habitaret,
1179 609 1286 649 iram
1306 608 1414 661 regis
1433 609 1495 649 in·
1517 612 1538 648 5

22 670 215 740 ”rihcurrin
255 669 546 715 Adserebatur
571 669 685 712 enim
710 674 861 710 contra
887 682 999 719 eum,
1028 668 1143 722 quod
1169 668 1257 729 ipse
1287 668 1498 721 Sigiberto

23 763 35 774 ,.
69 743 159 789 regi
146 729 372 774 adversus
383 731 560 771 fratrem
572 742 696 771 suum
712 729 1085 771 Guntchramnum
1097 725 1286 769 venienti
1296 727 1501 768 alimenta

70 793 131 847 et
139 802 318 832 munera
343 789 621 856 praebuisset.
667 790 803 843 Igitur
828 794 1048 830 extractus
1074 801 1100 829 a
1124 793 1280 838 castro,
1306 787 1351 828 in
1375 787 1501 828 exilio

31 856 200 907 150111101-
215 849 354 904 ripam
377 849 602 891 Rhodani'
591 863 636 890 1n
654 849 762 890 turri
783 849 970 902 quadam
988 853 1083 889 arta
1102 853 1233 901 atque
1252 847 1423 890 detecta
1439 861 1502 888 re·

34 907 35 910 ’
63 908 284 961 ³truditur;
304 909 348 950 in
371 922 455 963 qua
476 922 550 963 per
570 909 677 950 duos
698 909 783 949 fere
805 921 939 949 annos
960 921 1058 949 cum
1077 907 1228 961 grandi
1249 907 1369 948 exitu
1390 911 1574 947 com-10

8 994 42 1010 ,-
74 973 286 1020 moratus,
310 969 532 1023 optinente
556 968 685 1010 beato
711 969 876 1009 Nicetio
900 968 1112 1022 episcopo,
1137 967 1346 1020 Lugduno
1369 979 1505 1020 regre-

7 1027 41 1066 -“
76 1028 214 1080 ditum
232 1027 533 1082 habitavitque
553 1042 650 1070 cum
670 1041 719 1068 eo
739 1042 812 1082 per
831 1028 938 1071 duos
957 1041 1136 1068 menses.
1175 1027 1258 1076 Sed
1276 1040 1374 1069 cum
1394 1026 1504 1067 obti-

26 1103 27 1106 ’
48 1128 49 1131 ,
75 1101 176 1132 nere
191 1100 279 1130 non
295 1093 440 1142 posset
456 1101 482 1128 a
498 1101 608 1142 rege,
626 1093 675 1129 ut
692 1089 735 1128 in
751 1088 859 1140 loco,
877 1088 989 1131 unde
1008 1087 1197 1130 deiectus
1214 1088 1368 1137 fuerat,
1386 1086 1507 1127 resti-

26 1150 51 1194 s
77 1153 286 1199 tueretur,
310 1153 436 1190 nocte
461 1161 535 1202 per
558 1149 704 1201 fugam
727 1148 886 1202 lapsus,
911 1146 976 1190 ad'
994 1147 1192 1200 Sigiberti
1214 1159 1392 1199 regnum
1416 1160 1508 1200 per-

42 1244 47 1255 ,
78 1207 252 1251 transiit
284 1213 329 1248 et
362 1208 478 1262 apud
510 1208 778 1249 Arisitensim
811 1208 954 1248 vicum
987 1208 1210 1262 episcopus
1242 1206 1507 1257 instituetur,
1531 1209 1580 1245 15

11 1295 27 1315 ..ἶ
74 1267 244 1314 ,habens
264 1267 346 1309 sub
366 1281 410 1308 se
431 1267 526 1322 plus
547 1268 687 1309 minus
710 1268 895 1310 dioceses
919 1267 1175 1321 quindecim,
1199 1279 1303 1320 quas
1324 1265 1511 1320 primum

19 1347 23 1350 ·
83 1327 256 1383 quidem
283 1327 416 1369 Gothi
440 1333 683 1379 tenuerant,
708 1341 821 1368 nunc
845 1340 946 1368 vero
972 1327 1228 1378 Dalmatius,
1258 1326 1511 1368 Rutenensis

26 1436 30 1440 ,
83 1387 323 1442 episcopus,
359 1387 537 1431 iudicat.
599 1388 693 1442 Quo
731 1387 932 1438 abeunte,
979 1387 1135 1428 iterum
1174 1386 1395 1439 Lingonici
1436 1386 1513 1427 Sil-

24 1455 30 1492 1
85 1451 293 1498 vestrum,
323 1447 611 1501 propinquum
642 1447 708 1488 vel
738 1452 933 1488 nostrum
962 1447 1030 1488 vel
1060 1447 1176 1488 beati
1205 1447 1376 1497 Tetrici,
1406 1446 1514 1499 epis-

22 1553 27 1556 ,
84 1519 241 1561 copum
264 1511 490 1560 expetunt.
535 1507 618 1551 Sed
642 1512 692 1548 ut
716 1520 813 1548 eum
839 1512 1047 1561 peterent,
1072 1507 1216 1548 fratris
1240 1507 1324 1547 mei
1348 1507 1427 1546 1100
1451 1506 1514 1546 111-
1536 1510 1585 1544 20

23 1608 39 1623 ,2
85 1567 248 1609 stinctu
261 1566 469 1608 fecerunt.
503 1567 686 1618 Interea,
701 1572 950 1608 transeunte
966 1567 1094 1608 beato
1109 1567 1292 1617 Tetrico,
1307 1566 1375 1617 hic
1389 1570 1516 1606 tonso

25 1638 47 1679 ‚¹-
85 1626 228 1681 capite
250 1626 458 1680 presbiter
481 1627 717 1678 ordinatur,
740 1633 917 1681 accepta
940 1627 1055 1668 omni
1078 1631 1294 1681 potestate
1317 1626 1368 1668 de
1390 1626 1516 1667 rebus

10 1692 38 1720 ’ν
87 1686 301 1729 ecclesiae.
343 1687 426 1740 Qui
443 1700 560 1738 ver0,
578 1692 629 1728 ut
646 1687 987 1728 benedictionem
1006 1687 1288 1740 episcopalem
1308 1685 1517 1739 Lugduno

19 1751 25 1770 Τ
89 1745 288 1800 accipiat,
309 1745 390 1787 iter
412 1751 552 1800 parat.
598 1748 716 1801 Quae
739 1747 842 1789 dum
864 1752 1065 1800 aguntur,
1087 1747 1192 1800 ipse,
1217 1746 1316 1800 quia
1337 1746 1424 1786 iam
1446 1745 1519 1786 diu

31 1839 33 1842 .
89 1804 344 1860 epilenticus
369 1811 476 1856 erat,
500 1806 556 1847 ab
581 1806 660 1848 hoc
685 1806 835 1847 morbo
858 1812 1078 1860 correptus
1103 1807 1292 1860 asperius
1317 1819 1369 1846 ex
1395 1818 1519 1846 sensu
1542 1808 1591 1845 25

6 1867 20 1906 ’.ἑ
91 1865 250 1916 factm,
277 1870 322 1906 et
351 1879 426 1919 per
453 1865 543 1909 dies
571 1866 677 1908 duos
706 1867 873 1909 assidue
903 1867 1010 1910 dans
1039 1867 1267 1919 mugitum,
1295 1866 1425 1906 tertia
1453 1865 1520 1906 die

11 1933 26 1974 'J
93 1925 292 1980 spiritum
321 1925 524 1967 exalavit.
577 1926 695 1981 Quae
725 1931 914 1980 peracta,
946 1926 1221 1980 Lampadius‚
1251 1931 1301 1966 ut
1330 1925 1521 1979 superius

94 1985 259 2029 dictum
275 1989 355 2036 est,
365 1985 422 2026 ab
438 1986 596 2027 honore
614 1991 658 2026 et
679 1986 886 2027 facultate
903 1986 1113 2040 privatus,
1126 1986 1170 2026 in
1187 1986 1285 2028 odio
1299 1985 1414 2026 Petri
1434 1985 1524 2027 dia-

94 2043 191 2087 coni
208 2057 307 2086 cum
325 2044 415 2086 11110
437 2045 629 2087 Silvestri
647 2046 933 2099 coniungitur,
952 2046 1202 2086 machinans
1221 2050 1352 2098 atque
1371 2045 1524 2086 0011111-

7 2117 28 2163 )
95 2117 233 2156 mans,
264 2109 431 2158 patrem
462 2118 587 2147 suum
617 2105 672 2146 ab
702 2105 795 2159 ipso
826 2106 953 2146 fuisse
984 2106 1205 2146 maleficiis
1235 2106 1523 2146 interfectum.
1547 2110 1595 2145 30

0 2185 23 2248 ᾖ
97 2165 158 2206 At
177 2163 247 2205 ille
268 2169 412 2206 aetate
433 2165 614 2215 iuvenis,
637 2179 762 2206 sensu
784 2165 902 2217 levis,
925 2171 1075 2206 contra
1097 2178 1195 2206 eum
1217 2170 1526 2216 commovetur,

0 2243 2 2247 ⁷
98 2224 240 2279 ipsum
257 2223 468 2278 impetens
486 2224 654 2278 publice
674 2225 942 2279 parricidam.
980 2226 1108 2266 Porro
1126 2225 1194 2266 ille
1213 2225 1317 2266 haec
1335 2225 1526 2275 audiens,

22 2325 37 2331 Α,
100 2283 218 2325 fanto
244 2283 402 2337 placito
428 2284 472 2325 in
500 2285 741 2338 praesentia
768 2286 905 2326 sancti
935 2285 1073 2326 Niceti
1099 2285 1300 2339 episcopi,
1328 2284 1528 2326 avunculi

101 2343 252 2384 matris
271 2355 406 2395 meae,
429 2344 638 2397 Lugduno
660 2345 876 2398 dirigitur3
898 2350 942 2385 et
962 2345 1036 2395 ibi,
1061 2345 1222 2398 Siagrio
1243 2345 1441 2398 episcopo
1461 2357 1530 2386 co-

101 2415 196 2444 ram
221 2407 391 2444 astante
419 2404 487 2445 vel
513 2404 606 2445 aliis
633 2404 925 2447 sacerdotibus
952 2405 1098 2446 multis
1126 2417 1224 2446 cum
1249 2405 1530 2445 saecularium
1553 2409 1600 2443 35

60 2503 64 2507 .
104 2461 380 2517 principibus,
402 2476 444 2504 se
466 2470 734 2505 sacramento
754 2465 888 2515 exuit,
909 2478 1146 2518 numquam
1167 2478 1209 2505 se
1230 2464 1274 2505 in
1294 2470 1430 2505 morte
1455 2465 1532 2506 Sil·

47 2551 50 2556 ·
104 2522 238 2564 vestri
250 2522 436 2564 mixtum
450 2523 592 2565 fuisse.
626 2524 727 2564 Post
742 2524 847 2566 duos
863 2537 963 2565 vero
978 2537 1126 2575 annos,
1138 2524 1366 2578 instigatus
1377 2525 1532 2565 iterum

24 2588 33 2598 ‘⁴
106 2594 132 2623 a
155 2582 391 2635 Lampadio
413 2583 527 2624 filius
554 2583 760 2635 Silvestri,
784 2584 1011 2625 adsecutus
1034 2584 1078 2625 in
1101 2584 1172 2625 via
1196 2585 1370 2625 Petrum
1394 2584 1534 2626 diaco-

106 2653 220 2692 nem,
236 2641 383 2683 lancea
409 2643 649 2684 sauciatum
666 2644 893 2685 interfecit.
934 2644 1058 2698 Quod
1074 2657 1172 2685 cum
1189 2645 1353 2685 factum
1370 2644 1534 2694 fuisset,

35 2700 45 2754 Ϊ,
109 2700 161 2743 de
178 2714 228 2742 eo
244 2701 337 2761 1000
354 2702 545 2743 elevatus
563 2708 607 2744 et
624 2703 678 2745 ad
699 2703 990 2744 Divionensim
1009 2704 1175 2745 delatus
1194 2709 1396 2755 castrum,
1414 2717 1532 2744 secus
1554 2708 1605 2741 40
