1786 3016
728 211 914 253 -7-

72 362 79 366 ,,
102 360 122 364 ,
173 356 203 374 ,7

121 413 140 426 ι·
153 431 155 434 ,
178 402 254 451 ζι,
263 434 266 436 ,
275 388 325 428 ’Ἄ
315 387 511 449 pignora
524 403 651 445 super
665 403 707 431 se
722 390 925 432 habebat
959 390 1094 444 Igitur
1108 390 1291 458 segitum
1301 389 1536 432 advenerat

118 446 314 504 ,-
343 451 593 505 congregati
621 450 665 492 in
695 450 802 491 areis
834 451 1004 517 frugum
1025 450 1165 490 acervi
1186 451 1357 490 fuerant
1376 448 1535 502 magni.

115 506 209 556 ”·”ἶ”’,
230 507 423 556 “nutem
442 510 606 561 diebus,
625 522 723 551 cum
740 510 828 550 iam
846 510 1008 550 semina
1026 502 1345 559 triturarentur,
1364 513 1408 549 et
1426 509 1537 550 sicut

268 571 529 612 evestitum
557 569 761 623 segitibus
789 570 955 612 nudum
983 569 1167 610 habetur
1195 581 1220 609 a
1248 568 1380 619 silvis,
1409 568 1541 635 inter·
1563 569 1584 608 5

45 682 75 707 ”
76 688 239 749 «palus
270 691 388 732 focos
419 690 501 731 sibi
532 689 819 732 adhibuerant
851 702 1087 730 excusores.
1140 689 1308 729 Interea
1338 688 1538 728 recedent

2 755 6 803 ’ᾗ
32 751 51 803 ,ξ
97 759 268 793 omnes
277 750 334 794 ad
357 750 614 804 capiendum
638 749 796 790 cibum.
839 749 896 789 Et
920 762 1014 789 ecce
1038 748 1149 789 inter
1173 748 1436 788 incrementa
1460 760 1537 788 sua

0 815 38 877 ‚35
101 810 250 865 *coepit
277 823 352 865 per
379 810 522 864 paleas
550 809 762 863 paulatim
788 809 896 861 ignis
926 809 1080 862 spargi.
1128 809 1214 848 Nec
1242 820 1375 858 mora,
1403 807 1538 848 flante

0 868 45 931 {53
106 870 258 922 notho,
282 870 423 911 acervi
446 870 501 910 ab
523 870 620 922 igne
644 868 1069 922 conprehenduntur3
1094 868 1145 908 fit
1170 880 1373 920 magnum
1395 867 1538 907 incen-
1560 872 1609 907 10

109 930 243 982 dium,
278 929 518 984 insequitur
553 929 713 969 clamor
748 929 937 970 virorum
973 929 1263 981 strepitusque
1299 926 1539 977 mulierum,

0 1042 1 1048 ¹
22 1029 26 1037 ,
109 989 299 1032 ululatus
323 989 554 1030 infantum.
600 988 716 1029 Haec
742 994 888 1029 autem
915 988 1153 1040 agebantur
1178 988 1222 1028 in
1248 999 1349 1039 agro
1376 991 1538 1028 nostro.

3 1048 31 1101 {s
117 1049 240 1105 Quod
262 1049 448 1090 sentiens
471 1054 609 1090 mater
630 1061 739 1098 mea,
765 1061 872 1101 quae
895 1048 998 1088 haec
1023 1048 1199 1100 pignora
1221 1047 1329 1087 collo
1351 1047 1541 1100 adpensa

8 1082 33 1182 (ᾖ
106 1108 321 1164 gestabat,
347 1109 468 1150 exilit
494 1109 546 1151 de
581 1109 794 1158 convivio,
830 1108 1092 1160 elevatisque
1127 1107 1257 1147 sacris
1294 1106 1558 1160 pignoribus·

24 1207 26 1210 ,
101 1173 261 1211 contra
290 1168 454 1222 ignium
484 1168 647 1222 globos,
680 1169 742 1209 ita
775 1181 900 1208 omne
932 1168 1058 1208 cessit
1090 1167 1335 1209 incendium
1367 1166 1418 1208 de
1452 1178 1541 1206 mo-
1563 1171 1611 1206 15

63 1243 66 1247 ·
101 1234 271 1280 mento,
298 1234 349 1270 ut
378 1229 452 1269 vix
480 1228 592 1269 inter
608 1229 740 1269 moles
763 1233 1013 1269 exustarum
1040 1227 1259 1280 palearum
1285 1226 1353 1267 vel
1379 1226 1542 1266 semina

15 1324 22 1333 ,
107 1288 218 1342 ignis
245 1288 559 1339 invenirentur3
588 1288 693 1329 nihil
720 1292 867 1329 tamen
896 1289 1036 1340 fruges
1067 1300 1172 1340 quas
1201 1286 1545 1340 adprehenderat

6 1353 27 1399 ,ᾧ
109 1361 280 1390 nocens.
316 1349 419 1389 Post
451 1348 610 1389 multos
644 1360 744 1388 vero
764 1360 897 1388 annos
931 1348 1007 1387 has
1040 1347 1240 1400 reliquias
1273 1359 1298 1386 a
1330 1346 1542 1399 genetrice

13 1403 16 1418 ²
106 1409 295 1463 suscepi3
326 1421 509 1462 cumque
529 1408 611 1449 iter
631 1407 683 1448 de
706 1407 953 1460 Burgundia
974 1407 1028 1447 ad
1049 1407 1290 1447 Arvernum
1311 1418 1545 1459 ageremus,

111 1468 246 1510 oritur
260 1473 410 1510 contra
425 1480 502 1509 nos
519 1480 675 1521 magna
691 1473 940 1521 tempestas,
959 1467 1184 1521 coepitque
1202 1466 1357 1507 crebris
1374 1466 1542 1519 ignibus
1565 1471 1613 1505 20

110 1526 266 1570 micare
293 1528 458 1570 caelum
484 1528 722 1581 validisque
749 1528 1039 1568 tonitruorum
1066 1526 1304 1579 fragoribus
1331 1535 1541 1567 resonare.

105 1588 231 1630 Tunc
256 1593 473 1629 extractas
499 1601 525 1629 a
551 1588 646 1629 sinu
672 1588 822 1629 beatas
848 1587 1062 1640 reliquias,
1089 1599 1221 1627 manu
1247 1587 1366 1627 elevo
1393 1591 1543 1627 contra

110 1647 291 1700 nubem;
339 1661 448 1702 quae
480 1648 674 1702 protinus
706 1647 844 1690 divisa
875 1647 918 1688 in
950 1647 1117 1689 duabus
1149 1646 1359 1700 partibUS,
1391 1646 1544 1689 dextra

109 1707 319 1762 laevaque
336 1707 609 1761 praeteriens,
627 1721 765 1760 neque
782 1707 904 1748 nobis
921 1720 1059 1760 neque
1076 1706 1152 1747 ulli
1168 1706 1365 1759 deinceps
1381 1705 1543 1747 nocuit.

110 1768 171 1809 At
194 1780 286 1821 ego,
309 1773 360 1808 ut
383 1767 580 1809 iuvenilis
603 1769 745 1808 fervor
769 1780 890 1820 agere
915 1767 1037 1817 solet,
1062 1766 1380 1819 vanae‘gloriae
1403 1765 1546 1806 inflari
1567 1770 1615 1805 25

111 1827 337 1881 supercilio
361 1828 482 1881 coepi
506 1832 550 1868 et
573 1827 733 1868 tacitus
759 1827 959 1880 cogitare,
985 1839 1071 1867 non
1096 1826 1200 1866 haec
1225 1830 1400 1866 tantum
1426 1838 1546 1866 sanc-

111 1891 257 1929 torum
281 1887 444 1928 meritis
472 1900 602 1941 quam
627 1887 732 1927 mihi
748 1886 942 1940 propriae
971 1886 1100 1927 fuisse
1135 1898 1396 1936 concessum,
1414 1890 1545 1938 atque

113 1946 169 1988 ad
187 1947 322 1988 socios
340 1947 502 1988 itineris
522 1947 701 1998 iactans,
721 1960 770 1987 ac
790 1947 990 2000 proferre,
1012 1959 1119 1999 quae
1139 1945 1407 1986 innocentiae
1426 1958 1545 1986 meae

115 2007 230 2048 Deus
248 2007 524 2061 praestiterit,
542 2012 592 2048 ut
609 2007 713 2047 haec
730 2019 924 2047 mererer.
961 2006 1047 2046 Nec
1065 2018 1198 2055 mora,
1217 2006 1385 2059 elapsus
1403 2005 1546 2046 subito

113 2066 194 2108 sub
208 2079 276 2107 me
291 2079 441 2120 equuS,
457 2066 512 2110 ad
527 2065 686 2107 terram
702 2066 833 2118 elisit3
865 2066 909 2106 in
926 2078 1010 2119 quo
1027 2079 1126 2106 casu
1142 2070 1233 2106 tam
1249 2066 1436 2118 graviter
1451 2078 1546 2107 sum
1569 2070 1617 2105 30

113 2131 375 2178 contractus,
397 2131 448 2168 ut
469 2127 543 2167 vix
565 2139 732 2179 surgere
754 2126 927 2180 possim.
969 2125 1166 2166 Intellexi
1187 2125 1315 2176 enim,
1338 2125 1443 2165 mihi
1463 2125 1547 2168 ista

114 2198 141 2228 a
166 2186 360 2228 vanitate
391 2187 595 2238 evenisse,
623 2186 812 2240 satisque
839 2185 922 2227 fuit
948 2185 1100 2227 dehinc
1133 2185 1373 2237 observare,
1400 2198 1452 2226 ne
1479 2197 1547 2225 me
1604 2233 1609 2237 ¹

114 2245 231 2287 ultra
254 2259 391 2287 vanae
417 2246 574 2300 gloriae
601 2247 842 2287 stimularet
869 2246 1054 2286 aculeus.
1101 2245 1225 2295 Nam,
1252 2245 1287 2285 si
1313 2245 1471 2295 evenit,
1497 2249 1548 2286 ut

115 2318 297 2347 mererer
327 2305 525 2360 deinceps
556 2306 700 2360 aliqua
730 2306 782 2349 de
814 2310 1062 2346 sanctorum
1093 2305 1328 2346 virtutibus
1359 2310 1549 2346 contem-

109 2366 354 2432 ¹plare,·Dei
376 2366 449 2408 illa
471 2379 646 2408 munere
672 2379 745 2420 per
770 2370 1016 2406 sanctorum
1040 2365 1172 2408 fidem
1198 2365 1405 2418 praestita
1429 2378 1549 2418 prae·
1570 2369 1618 2405 35

116 2437 284 2467 conavl.

314 2527 352 2568 2.
394 2527 550 2568 Traum
572 2540 703 2580 wegen
725 2526 793 2568 des
817 2528 958 2568 Vaters
987 2527 1168 2578 (Conse
1182 2540 1244 2567 ss.
1268 2527 1352 2577 39).

205 2610 287 2653 Sed
316 2623 393 2651 nec
423 2611 528 2652 illud
558 2617 622 2652 est
653 2610 887 2652 absurdum
917 2611 1100 2661 credere,
1134 2610 1248 2664 quod
1279 2610 1446 2663 saepius
1476 2623 1550 2663 per

120 2669 302 2711 visiones
338 2675 536 2724 expertas
575 2671 782 2712 Dominus
808 2671 994 2711 revelare
1022 2671 1237 2723 dignatur,
1267 2670 1448 2724 qualiter
1474 2674 1550 2711 aut
