1786 3016
877 196 1087 237 -16-

278 313 389 366 ipsas
410 312 644 365 proicerent
665 313 875 354 flammas.
915 314 1154 355 Pr0iectum
1174 319 1319 355 autem
1339 315 1401 356 ita
1419 319 1563 356 totum
1581 315 1688 368 ignis

277 371 511 423 absorbuit,
529 376 577 412 ut
595 372 668 412 vix
685 372 736 415 de
754 372 917 413 ossibus
934 373 1022 413 eius
1039 386 1220 426 parvum
1238 374 1552 426 quodammodo
1566 373 1689 415 relin-

279 435 478 484 queretur
505 431 721 473 indicium.
770 433 1082 484 Interrogantes
1113 437 1258 473 autem
1285 432 1546 474 infantulum
1582 433 1689 474 chri-

277 490 418 540 stiani,
442 490 564 542 quale
585 491 623 530 ei
642 491 753 531 inter
772 491 888 544 ignes
908 491 1057 532 fuisset
1078 491 1387 542 umbraculum,
1408 492 1489 533 ait:
1511 492 1688 543 ‘Mulier,

229 555 251 590 5
276 562 382 602 quae
397 549 441 590 in
456 549 674 590 basilicam
689 549 819 599 illam,
835 550 908 590 ubi
923 563 1077 603 panem
1092 550 1142 592 de
1158 563 1303 591 mensa
1318 551 1473 604 accepi,
1488 551 1533 592 in
1545 551 1688 592 cathe-

277 608 353 649 dra
381 609 589 659 resedens,
620 609 846 662 parvulum
875 609 918 649 in
947 610 1041 649 sinu
1069 614 1210 661 gestat
1238 610 1461 660 infantem,
1490 610 1593 651 haec
1621 623 1687 651 me

277 667 403 720 pallio
423 680 513 718 suo,
533 681 584 708 ne
603 667 711 720 ignis
730 673 913 718 voraret,
935 669 1128 721 operuit.’
1157 669 1278 711 Unde
1298 668 1591 711 indubitatum
1608 674 1687 719 est,

276 726 448 768 beatam
472 727 509 766 ei
532 728 711 767 Mariam
734 728 992 780 apparuisse.
1031 727 1234 779 Agnitam
1257 741 1354 780 ergo
1386 728 1524 768 infans
1556 728 1688 772 fidem

277 786 544 836 catholicam,
576 786 755 828 credidit
785 787 829 826 in
859 787 1028 826 nomine
1063 787 1199 827 Patris
1231 792 1274 827 et
1307 786 1400 827 Filii
1431 791 1474 827 et
1507 786 1687 840 Spiritus

206 851 254 884 10
277 846 427 895 sancti,
450 858 499 885 ac
523 845 779 886 salutaribus
801 846 923 898 aquis
946 846 1134 886 ablutos1
1156 858 1241 886 una
1263 859 1360 886 cum
1381 846 1590 898 genetrice
1612 859 1688 888 sua

277 903 415 947 denuo
442 910 542 945 sunt
567 905 717 945 renati.
760 905 885 945 Multi
914 905 1168 946 Iudaeorum
1194 905 1387 958 exemplo
1412 905 1491 946 hoc
1516 905 1560 946 in
1585 905 1687 947 urhe

276 963 347 1004 illa
366 963 521 1004 salvati
540 969 653 1004 sunt.

785 1082 821 1122 2.
855 1082 887 1122 S
891 1081 1175 1134 iebenschlafer

489 1141 695 1190 (Passio
716 1141 1128 1191 dormientium,
1152 1153 1184 1180 s.
1204 1140 1313 1181 Einl.
1328 1139 1473 1191 S.V1).

205 1239 254 1274 15
361 1235 396 1275 1.
427 1235 632 1288 Tempore
654 1235 771 1275 Decii
789 1235 1054 1288 imperatoris
1073 1248 1171 1275 cum
1190 1248 1263 1288 per
1281 1234 1524 1276 universum
1543 1235 1688 1276 orbem

276 1294 510 1347 persecutio
532 1294 858 1335 christianorum
880 1294 1166 1346 exagitaretur
1187 1299 1317 1347 atque
1338 1293 1460 1336 idolis
1481 1294 1601 1335 vanis
1623 1307 1687 1335 sa-

275 1353 433 1393 crificia
447 1354 616 1394 funesta
631 1354 876 1403 offerentur,
891 1355 1064 1394 fuerunt
1079 1358 1242 1406 septem
1256 1353 1336 1393 viri
1349 1353 1393 1393 in
1407 1353 1566 1406 palatio
1579 1354 1686 1406 regis

275 1412 399 1465 primi
419 1417 462 1452 et
482 1412 613 1453 nobili
633 1412 794 1453 familia
816 1413 910 1462 orti,
932 1413 975 1452 id
997 1418 1060 1453 est
1081 1412 1313 1466 Achillidis,
1337 1406 1565 1462 Diomedis,
1587 1413 1686 1453 Dio·

273 1484 418 1524 genus,
440 1471 662 1522 Probatus,
685 1472 939 1524 Stephanus,
962 1471 1204 1522 Sambatus,
1231 1472 1464 1524 Quiriacus.
1501 1470 1572 1512 Hii
1589 1484 1687 1512 cum

204 1536 252 1569 20
275 1543 375 1571 seva
392 1531 658 1583 imperatoris
676 1532 831 1571 scelera
849 1544 972 1584 saepe
990 1531 1294 1583 conspicerent,
1312 1535 1362 1571 ut
1379 1543 1455 1583 pro
1474 1531 1563 1571 Deo
1580 1543 1686 1571 sem-

275 1590 439 1642 piterno
465 1590 578 1632 idola
603 1590 731 1632 surda
764 1595 808 1630 et
832 1595 953 1630 muta
978 1590 1058 1630 coli
1083 1589 1260 1640 iuberet,
1286 1589 1516 1643 conpuncti
1541 1589 1686 1632 divino

274 1654 382 1689 nutu
395 1649 575 1702 lotique¹
589 1654 687 1689 sunt
701 1649 1027 1701 regenerationis
1042 1650 1058 1689 f
1061 1654 1158 1689 onte
1173 1649 1470 1699 Maximianus,
1482 1649 1685 1699 Malchus,

274 1708 567 1758 Martinianus,
600 1709 917 1758 Constantinus,
951 1708 1177 1758 Dionisius‚
1216 1708 1435 1758 Johannis,
1469 1707 1684 1762 Serapion.

277 1767 423 1819 Igitur,
443 1767 694 1810 adveniente
716 1768 844 1808 Decio
863 1767 917 1810 ad
935 1767 1084 1807 urbem
1104 1767 1333 1820 Ephesum,
1352 1767 1474 1807 iussit
1492 1766 1607 1807 omni
1623 1767 1685 1807 in-

203 1831 251 1865 25
273 1827 462 1867 tentione
491 1827 553 1867 ita
583 1827 861 1867 christianum
888 1839 1020 1879 genus
1048 1826 1218 1879 inquiri,
1248 1831 1297 1866 ut
1326 1826 1459 1879 possit
1487 1826 1552 1866 fas
1579 1828 1685 1866 esse²

273 1886 412 1938 ipsum
437 1886 605 1926 nomine
629 1886 838 1938 religionis
863 1886 1120 1938 extinguere.
1163 1885 1354 1938 Denique
1379 1890 1685 1938 praeparantur

274 1944 493 1995 sacrificia,
516 1945 604 1998 ipse
625 1946 819 1985 immolat
841 1957 1021 1997 suosque
1043 1945 1259 1984 immolare
1282 1943 1498 1986 blanditiis
1518 1944 1685 1984 terrori·

273 2004 435 2056 busque
466 2004 655 2056 instigat.
703 2004 916 2044 Libabant
947 2004 1089 2044 cuncti
1119 2004 1293 2053 hostias,
1324 2007 1502 2056 totaque
1533 2003 1684 2043 civitas

273 2063 576 2104 horrendarum
595 2063 917 2103 cerimoniarum
936 2063 1079 2107 nidore
1099 2062 1308 2103 fumabat.
1351 2062 1473 2115 Quod
1491 2061 1684 2104 videntes

203 2127 250 2162 30
274 2123 332 2162 hii
359 2127 522 2175 septem
550 2123 715 2165 adletae
745 2122 913 2172 Christi,
943 2122 1145 2175 prostrati
1172 2126 1271 2161 sunt
1298 2121 1342 2161 in
1370 2121 1559 2161 oratione
1586 2133 1684 2161 cum

273 2182 470 2231 lacrimis,
497 2187 540 2221 et
576 2194 792 2234 aspersum
818 2194 942 2233 super
967 2181 1106 2234 capud
1132 2180 1302 2233 pulvis‘,
1332 2180 1502 2220 Domini
1527 2180 1684 2220 miseri-

273 2241 459 2282 cordiam
483 2241 753 2292 flagitabant,
778 2245 826 2280 ut
850 2240 1073 2293 respiciens
1099 2240 1148 2281 de
1173 2239 1288 2279 caelo
1313 2243 1460 2279 sancto
1484 2251 1574 2290 suo,
1597 2251 1684 2279 non

273 2300 426 2340 sineret
458 2299 529 2341 diu
561 2300 766 2353 populum
796 2300 839 2339 in
870 2300 948 2339 hac
980 2298 1255 2352 perversitate
1287 2298 1490 2338 subverti.

353 2359 390 2399 2.
429 2360 521 2412 Quo
533 2363 748 2411 conperto,
760 2359 1037 2411 persecutoris
1048 2357 1228 2401 nominis
1240 2357 1466 2398 Christiani
1476 2361 1683 2397 venerunt

202 2423 250 2457 35
273 2418 326 2457 ad
346 2418 592 2470 principem,
612 2418 818 2460 dicentes:
839 2417 1025 2470 ‘Imperii
1042 2417 1108 2457 tui
1126 2417 1379 2469 praeceptiO,
1400 2429 1424 2456 o
1442 2429 1530 2466 rex,
1548 2416 1682 2456 totius

273 2477 383 2517 orbis
405 2482 541 2517 terrae
564 2477 769 2517 terminus
793 2477 1012 2529 percurrit,
1036 2480 1078 2516 et
1100 2476 1239 2516 nullus
1261 2475 1442 2516 iussione
1463 2480 1563 2515 tuae
1585 2487 1682 2515 con-

300 2588 302 2590 ’
370 2585 384 2606 1
411 2585 586 2620 abluto.
600 2583 673 2609 —2
692 2583 1015 2629 appellatique
1034 2582 1143 2628 (wiell.
1159 2581 1390 2628 ablutique?
1412 2581 1488 2627 vgl.
1507 2581 1556 2618 H.
1575 2581 1617 2616 F.
1633 2580 1679 2624 V,

273 2640 332 2674 38.
349 2636 419 2681 VI,
437 2639 487 2683 5).
513 2659 550 2662 —
577 2638 592 2659 ³
618 2638 776 2683 posset
798 2637 836 2672 si
859 2636 928 2672 fas
952 2638 1087 2672 esset.-
1115 2656 1153 2661 —-
1182 2635 1198 2657 ⁴
1219 2635 1304 2680 Vgl.
1330 2635 1484 2670 Bonnet
1509 2634 1548 2671 S.
1565 2635 1648 2670 348.
