1786 3016
708 231 923 273 —19—

58 368 61 372 ’
105 343 308 411 Im·¹
316 349 432 393 enim
453 355 561 402 erat,
581 350 683 404 quid
700 355 897 404 ageretur
919 351 964 391 in
987 351 1203 405 spelunca.
1244 351 1533 406 Operantibus

36 421 59 465 -ζ
100 407 267 464 am
264 409 410 467 pueris
429 415 474 452 et
490 410 812 452 revolventibus
831 411 1022 464 ingentia
1041 423 1160 462 saxa,
1179 416 1391 452 venerunt
1410 410 1466 452 ad
1487 423 1534 452 os

102 468 328 530 §pulmone
348 470 691 524 inveneruntque
712 471 875 524 lapides
897 483 1095 524 magnos;
1135 483 1242 524 quos
1262 471 1534 512 revolventes

40 542 42 546 ’
58 526 322 578 faciebant
352 542 539 581 murum,
571 543 659 571 non
690 535 838 571 tamen
869 530 1127 571 introierunt
1158 530 1204 571 in
1235 535 1423 572 antrum.

39 639 45 642 ,
98 595 102 598 ”
185 588 225 632 7.
255 589 464 632 Dominus
501 595 648 631 autem
684 590 808 631 iussit
844 590 1002 630 reverti
1039 590 1237 643 spiritum
1273 590 1318 631 in
1354 602 1532 643 corpora
1554 594 1576 630 5

36 653 52 701 ξ’
95 654 365 700 sanctorum,
381 655 425 691 et
442 654 716 691 surrexerunt
732 662 781 690 ac
798 649 1036 690 salutantes
1053 663 1095 690 se
1113 650 1164 692 de
1181 663 1311 701 more,
1329 654 1533 704 putantes

33 707 66 752 ’.ι
99 721 191 752 11118
209 713 386 751 1811111111
406 715 532 751 nocte
555 709 774 760 dormisse,
797 709 998 752 sederunt
1020 710 1179 750 alacres
1201 683 1332 764 atqiie
1353 708 1534 750 robusti.

46 796 55 802 --
95 768 243 811 Erant
260 769 375 811 enim
392 782 479 810 non
497 769 626 812 modo
646 782 822 822 corpora
842 782 988 810 eorum
1002 774 1186 810 venusta
1199 774 1329 823 atque
1345 769 1537 823 pulcher-

35 824 53 858 Γ
102 828 227 881 rima,
242 841 392 870 verum
407 829 538 870 etiam
553 829 647 882 ipsa
662 829 922 871 vestimenta
937 830 1102 882 integra
1118 834 1248 882 atque
1263 829 1412 879 inlesa,
1427 829 1539 869 sicut

30 895 53 937 ᾖ,
105 893 207 930 81110
228 901 364 931 8111103
385 889 590 943 plurimos
612 890 783 930 fuerant
805 889 860 930 ab
882 889 947 929 his
969 889 1135 932 induta.
1174 889 1460 943 Conversique
1482 887 1537 928 ad
1560 894 1609 928 10

105 948 337 1000 Malchum‚
359 948 580 992 dixerunt:
604 949 782 998 Enarra,
807 962 1078 1002 quaesumus,
1100 949 1238 999 nobis,
1259 950 1405 1000 frater,
1430 960 1538 1002 quae

24 1005 42 1043 ἶ
105 1008 187 1050 hac
209 1013 336 1050 nocte
361 1008 530 1050 locutus
556 1014 621 1049 est
646 1009 894 1062 imperator,
921 1014 998 1050 aut
1024 1009 1058 1049 si
1083 1009 1277 1062 inquisiti
1302 1022 1463 1059 sumus,
1488 1012 1540 1048 ut

105 1067 304 1110 sciamus.
351 1068 516 1123 Quibus
538 1068 628 1109 ille:
658 1069 881 1122 Requisiti,
905 1069 1070 1122 inquid,
1094 1069 1195 1110 estis
1219 1069 1275 1111 ad
1299 1069 1541 1109 sacrifican-

30 1128 36 1147 ³
105 1127 211 1171 dum
226 1127 320 1171 diis.
352 1127 430 1181 Cui
445 1128 733 1169 Maximianus
749 1129 830 1169 ait:
850 1129 936 1169 Nos
953 1142 1098 1169 omnes
1114 1129 1222 1169 mori
1238 1129 1378 1182 parati
1394 1140 1541 1169 sumus

35 1215 37 1217 ·
106 1200 184 1242 pro
207 1186 390 1230 Christo.
433 1188 517 1230 Sed
538 1193 589 1229 tu
613 1189 756 1242 accipe
781 1202 894 1229 nunc
918 1194 1141 1242 argenteos
1163 1194 1208 1230 et
1230 1189 1339 1231 vade
1363 1188 1420 1231 ad
1442 1200 1541 1229 con·
1563 1191 1612 1228 15

31 1285 37 1293 ,
106 1247 320 1302 parandas
333 1260 450 1289 escas
464 1253 508 1289 et
522 1247 718 1290 absculta
732 1249 955 1302 diligenter
970 1254 1013 1290 et
1029 1262 1136 1302 quae
1149 1248 1331 1291 audieris
1342 1247 1542 1289 renuntia

105 1306 243 1349 nobis.
282 1307 474 1362 Accepta
497 1308 644 1362 itaque
670 1310 864 1362 pecunia,
890 1309 1012 1350 abiit.
1055 1309 1191 1349 Erant
1214 1309 1328 1349 enim
1351 1307 1543 1361 argentei

106 1367 277 1408 nomine
302 1368 421 1409 Decii
443 1368 1099 1423 superscripti,Adpropinquans
1122 1373 1269 1409 autem
1292 1368 1347 1409 ad
1370 1373 1542 1422 portam

23 1480 26 1487 Ι
107 1426 312 1479 civitatis,
338 1427 448 1469 vidit
473 1428 643 1481 signum
667 1429 802 1469 crucis
828 1442 954 1482 super
979 1433 1164 1482 portam,
1190 1434 1234 1469 et
1259 1429 1543 1482 stupefactus,

107 1486 288 1529 miratus
308 1492 387 1539 est,
409 1487 553 1531 dicens
573 1488 685 1529 infra
705 1500 761 1529 se:
775 1489 996 1542 Numquid
1017 1489 1083 1531 die
1105 1489 1304 1530 hesterna
1325 1493 1423 1542 post
1444 1487 1543 1528 solis
1565 1493 1614 1527 20
1676 1499 1678 1502 ⁴

20 1581 30 1598 .‚.
109 1559 321 1598 0008311111,
342 1560 441 1588 011111
463 1561 540 1601 ego
562 1548 807 1601 egrediebar
829 1549 880 1590 de
903 1548 1022 1600 urbe,
1044 1561 1116 1590 cor
1139 1549 1257 1590 Decii
1276 1549 1544 1589 inmutatum

107 1611 188 1660 est,
210 1611 262 1648 ut
283 1607 419 1648 crucis
441 1607 658 1661 signaculo
682 1613 808 1662 porta
829 1609 1096 1650 introeuntes
1119 1609 1339 1650 muniret?
1381 1609 1544 1661 Ingres-

108 1679 265 1720 susque
280 1667 400 1719 urbe,
416 1668 585 1710 audivit
600 1668 792 1709 homines
810 1682 883 1722 per
900 1669 1056 1710 Christi
1071 1668 1241 1710 nomine
1257 1669 1396 1709 iurare
1412 1673 1543 1721 atque

109 1726 306 1768 eclesiam
320 1727 506 1781 aspicere
520 1728 780 1782 clericusque
796 1741 870 1782 per
883 1728 1033 1770 urbem
1048 1729 1279 1772 discurrere
1291 1728 1544 1781 moeniaque

108 1798 224 1828 nova
252 1786 422 1838 rimare,
454 1792 715 1842 stupensque
747 1789 897 1841 magis,
930 1789 1102 1830 dicebat
1134 1788 1190 1831 ad
1214 1793 1349 1829 semet
1379 1789 1542 1842 ipsum:
1567 1791 1616 1827 25

111 1845 314 1898 Putasne,
345 1847 445 1902 quia
472 1848 517 1888 in
546 1848 630 1888 alia
658 1848 762 1889 urbe
792 1848 1004 1902 ingressus
1034 1850 1111 1890 es?
1155 1849 1458 1902 Accedensque
1489 1847 1546 1889 ad

108 1906 334 1959 nondinae,
362 1907 543 1960 protulit
569 1913 807 1961 argenteos,
834 1909 1095 1962 depraecans
1123 1909 1222 1951 dare
1251 1909 1332 1949 sibi
1358 1921 1490 1949 escas.

190 1966 231 2008 8.
261 1967 321 2008 Α1
340 1967 402 2008 1111
421 1967 636 2009 numisma
656 1969 847 2021 argentei
867 1968 1100 2020 intuentes,
1122 1969 1345 2011 dixerunt:
1371 1967 1451 2009 Η10
1471 1968 1548 2008 ho·

0 2017 30 2082 1.*
109 2037 182 2066 1110
198 2026 422 2068 thesauros
440 2027 628 2081 repperit
647 2028 870 2082 antiquos;
890 2042 991 2069 nam
1010 2042 1105 2069 ecce
1125 2034 1348 2082 argenteos
1367 2029 1419 2071 de
1437 2033 1548 2069 tem-

0 2074 31 2147 11·
111 2085 285 2140 poribus
308 2087 426 2128 Decii
447 2089 623 2141 profert.
661 2088 854 2129 Malchus
876 2101 978 2129 vero
999 2089 1104 2129 haec
1126 2088 1318 2139 audiens,
1341 2087 1547 2129 volvebat
1570 2093 1619 2127 30

110 2146 392 2200 cogitationes
407 2147 451 2188 in
464 2148 589 2191 corde
605 2160 696 2198 suo,
711 2148 875 2190 dicens:
899 2149 1010 2203 Quid
1025 2149 1106 2190 sibi
1120 2149 1273 2190 volunt
1288 2148 1372 2189 ista
1387 2149 1404 2189 Ρ
1434 2147 1548 2189 Num

112 2206 325 2248 somnium
344 2207 504 2250 video?
539 2207 626 2250 Viri
648 2213 796 2251 autem
815 2209 1159 2262 adpraehensum
1179 2209 1344 2251 ducunt
1364 2208 1419 2251 ad
1439 2207 1548 2262 epis-

0 2298 12 2343 3
111 2277 269 2320 copum
302 2266 516 2308 Marinum
559 2272 690 2321 atque
736 2269 1016 2322 praefectum.
1077 2269 1154 2310 Cui
1187 2270 1428 2322 praefectus
1463 2268 1545 2308 ait:

0 2346 24 2366 a
115 2325 238 2369 Unde
264 2339 322 2378 es,
349 2331 427 2368 aut
453 2340 504 2368 ex
534 2340 618 2381 qua
644 2328 812 2381 regione
840 2328 1031 2369 venisti?
1075 2330 1140 2369 Ex
1170 2329 1354 2382 Epheso,
1380 2327 1547 2381 inquid,

0 2366 13 2454 {-
113 2385 149 2426 si
175 2390 324 2427 tamen
350 2386 454 2428 haec
483 2387 637 2428 civitas
666 2393 732 2429 est
763 2388 1060 2441 Ephesiorum,
1093 2402 1223 2442 quam
1251 2389 1451 2429 hesterno
1480 2400 1547 2427 me
1571 2392 1620 2427 35

0 2453 12 2526 ξ·
113 2444 269 2488 vidisse
283 2459 583 2488 commemoro.
618 2448 721 2490 Inde
736 2448 798 2488 ait
814 2449 1074 2501 praefectus:
1092 2448 1181 2489 Hos
1197 2454 1420 2501 argenteos
1435 2447 1548 2490 unde

113 2504 279 2546 habes?
322 2507 578 2560 Respondit:
606 2508 666 2548 De
692 2507 820 2550 domo
845 2508 979 2561 patris
1003 2508 1087 2548 mei
1111 2509 1274 2562 sumpsi
1297 2521 1382 2549 003.
1425 2508 1550 2548 Prae-

113 2565 252 2607 fectus
272 2565 402 2609 dixit:
426 2567 482 2607 Et
502 2567 577 2608 ubi
597 2572 662 2608 est
683 2573 805 2620 pater
826 2572 927 2608 tuus
944 2569 961 2609 Ρ
999 2569 1056 2609 Et
1077 2568 1331 2609 nominabat
1351 2572 1550 2622 parentes

114 2637 227 2679 suos,
245 2626 318 2668 sed
336 2639 462 2667 nemo
480 2627 778 2680 cognoscebat.
815 2628 1060 2669 Praefectus
1079 2628 1209 2670 dixit:
1231 2630 1394 2669 Enarra
1413 2627 1551 2677 nobis,

113 2685 228 2727 unde
256 2685 388 2727 habes
416 2687 493 2727 hos
522 2688 778 2740 argenteos?
828 2688 938 2729 Sunt
967 2688 1080 2728 enim
1109 2701 1161 2729 ex
1190 2693 1382 2742 tempore
1414 2687 1545 2737 Decii,
1573 2691 1624 2724 40

0 2182 16 2220 i.

1405 2779 1438 2807 2*
