1786 3016
1463 3 1468 6 .
1532 0 1705 42 ,dmm
1743 0 1761 17 n

894 222 1076 263 -8-

281 339 540 380 honorentur
572 339 722 390 sancti,
755 344 831 380 aut
862 339 1021 380 infirmi
1051 339 1331 380 medicamina
1361 343 1686 393 consequantur.

283 399 392 438 Nam
413 398 550 438 recolo
569 403 736 452 gestum
757 398 801 438 in
821 398 1017 449 infantia,
1038 411 1135 439 cum
1157 403 1278 451 pater
1298 411 1416 440 meus
1437 398 1492 441 ab
1511 397 1688 440 infirmi-

280 462 371 497 tate
391 457 578 498 humoris
598 456 811 510 podagrici
830 457 1055 508 laboraret,
1076 462 1119 497 et
1138 457 1285 500 ardore
1306 457 1486 499 febrium
1505 470 1554 498 ao
1573 457 1689 500 dolo-

280 516 396 557 ribus
427 516 572 557 multis
603 516 875 567 adtenuatus,
906 516 1061 557 lectulo
1092 516 1334 567 decubaret,
1365 516 1519 559 vidisse
1548 529 1617 557 me
1644 515 1690 557 in

235 580 255 615 5
278 575 372 615 visu
398 575 534 615 noctis
560 588 781 628 personam
808 575 1018 617 dicentem
1043 575 1178 615 mihit-
1193 574 1393 628 ‘Legisti’,
1419 575 1494 626 ait,
1520 575 1689 616 ‘librum

284 634 414 674 Hiesu
434 635 577 675 Navae
594 635 624 675 P’
644 634 720 675 Cui
737 647 832 686 ego:
852 634 980 675 ‘Nihil
998 634 1112 677 aliud
1129 634 1367 675 litterarum
1383 639 1550 687 praeter
1565 627 1690 676 notas

282 693 449 746 agnovi,
478 693 522 734 in
551 706 729 746 quorum
756 707 868 734 nunc
896 693 1037 735 studio
1064 693 1316 734 constrictus
1344 693 1535 746 adfligor.
1579 694 1690 734 Nam

281 752 348 792 hic
370 752 474 793 liber
497 765 665 805 prorsus
689 753 723 792 si
745 753 800 792 sit
822 752 981 804 ignoro.
1023 753 1078 792 Et
1101 752 1181 793 ait:
1207 752 1367 803 ‘Vade’,
1391 751 1553 805 inquid,
1575 752 1690 793 ‘faci-

282 811 430 864 toque1
454 811 667 852 hastulam
693 812 914 864 parvulam
941 825 991 851 ex
1016 811 1143 864 ligno,
1171 811 1285 864 quod
1309 812 1388 852 hoc
1412 823 1567 852 nomen
1588 811 1691 852 reci·

211 876 260 910 10
282 883 378 923 pere
406 871 553 923 possit,
581 871 869 923 scriptumque
896 883 947 910 ex
975 875 1215 911 atramento
1242 870 1320 911 sub
1348 870 1514 923 paterni
1539 869 1690 924 capitis

282 930 493 970 fulchrum
519 930 689 970 colloca.
733 930 825 970 Erit
850 930 961 970 enim
987 930 1024 969 ei
1049 929 1319 982 praesidium,
1345 929 1379 969 si
1406 929 1520 982 quod
1542 929 1692 982 loquor

282 988 551 1041 impleveris.'
582 989 705 1028 Mane
719 994 863 1029 autem
877 990 1008 1039 facto,
1023 988 1151 1028 matri
1167 1001 1273 1041 quae
1285 988 1475 1031 videram
1485 987 1692 1039 indicavi;

281 1047 400 1088 iubet
417 1047 581 1100 impleri
598 1047 770 1088 visionis
788 1053 1026 1101 praecepta.
1069 1047 1190 1101 Quod
1208 1060 1305 1088 cum
1322 1047 1526 1097 fecissem,
1544 1046 1692 1088 statim

254 1124 261 1131 ··
281 1106 446 1159 genitor
470 1107 524 1147 ab
558 1107 808 1147 infirmitate
843 1106 1073 1147 convaluit.
1117 1107 1302 1147 Decurso
1328 1119 1496 1160 quoque
1520 1106 1692 1147 alterius

282 1165 382 1206 anni
401 1166 619 1216 curriculo,
640 1166 794 1207 iterum
814 1166 868 1207 ab
888 1167 967 1206 hoc
986 1165 1255 1208 incommodo
1274 1165 1453 1218 capitur.
1489 1164 1700 1207 Accendi³

212 1229 259 1264 15
281 1229 352 1265 tur
379 1225 519 1275 febris,
547 1225 835 1266 intumescunt
877 1225 1018 1277 pedes,
1045 1224 1186 1266 dolore
1228 1225 1409 1278 pessimo
1449 1237 1601 1265 nervos
1630 1223 1693 1264 in—

268 1289 468 1336 torquet.
534 1283 648 1324 Haec
694 1285 942 1337 perferente,
989 1283 1091 1326 dum
1127 1296 1223 1324 cum
1260 1296 1414 1336 magno
1448 1283 1609 1336 gemitu
1649 1282 1693 1323 in

283 1348 421 1383 stratu
449 1343 733 1394 decumberet,
762 1343 850 1385 vidi
876 1343 1030 1383 iterum
1058 1355 1280 1396 personam
1307 1342 1352 1383 in
1378 1342 1537 1383 visione
1565 1341 1694 1383 inter-

281 1407 502 1454 rogantem
530 1402 647 1452 mihi,
675 1402 709 1442 si
736 1402 890 1443 librum
907 1402 1063 1442 Tobiae
1093 1402 1310 1454 cognitum
1339 1414 1451 1442 nunc
1479 1401 1690 1442 haberem.

287 1460 513 1514 Respondi,
536 1461 648 1514 quod
668 1474 753 1501 non
771 1462 963 1514 legerem.
1007 1460 1089 1514 Qui
1107 1461 1188 1501 ait:
1210 1460 1416 1511 ‘Noveris,
1435 1461 1547 1501 hunc
1562 1459 1693 1500 *fuisse

212 1526 260 1560 20
281 1533 468 1570 caecum,
484 1520 601 1560 cuius
616 1520 742 1570 filius,
752 1521 899 1573 angelo
914 1520 1067 1560 comite
1082 1520 1185 1565 dum
1199 1519 1279 1560 iter
1293 1524 1449 1572 ageret,
1461 1519 1505 1559 in
1519 1518 1693 1560 flumine

283 1579 439 1633 piscem
468 1579 622 1632 coepit,
651 1579 770 1620 cuius
799 1579 934 1622 indice
965 1579 1114 1632 angelo
1142 1592 1213 1619 cor
1241 1578 1434 1631 iecorque
1463 1578 1694 1628 sublatum,

283 1638 416 1691 patris
435 1638 694 1679 subfumicat
713 1638 868 1689 oculos,
891 1638 961 1692 qui
980 1638 1141 1688 statim,
1161 1638 1318 1691 fugatis
1335 1637 1534 1688 tenebris,
1551 1637 1695 1678 lumen

281 1697 452 1751 recepit.
485 1697 602 1738 Vade
617 1697 745 1749 igitur
758 1702 808 1738 tu
824 1703 867 1738 et
882 1699 949 1738 fac
965 1697 1169 1747 similiter,
1186 1703 1229 1738 et
1244 1696 1422 1750 accipiet
1435 1695 1694 1748 refrigerium

283 1756 475 1798 dolorum
508 1756 673 1808 genitor
706 1760 834 1797 tuus!
906 1756 1020 1797 Haec
1063 1756 1191 1796 matri
1232 1757 1428 1806 referens,
1472 1754 1694 1796 confestim

213 1820 260 1855 25
283 1828 433 1868 pueros
464 1816 518 1857 ad
549 1828 717 1856 amnem
748 1816 911 1868 dirigit3
958 1816 1082 1869 piscis
1121 1815 1302 1868 capitur,
1342 1814 1603 1866 sublatisque
1643 1813 1694 1855 de

283 1874 392 1914 extis
414 1887 520 1927 quae
539 1874 651 1914 iussa
671 1876 854 1925 fuerant,
874 1880 917 1915 et
937 1875 1082 1927 prunis
1101 1873 1298 1927 inposita.
1333 1874 1401 1915 Ad
1419 1873 1494 1914 ubi
1512 1873 1695 1927 primum

282 1934 424 1974 fumus
452 1933 589 1975 odoris
617 1939 781 1986 patrem
810 1933 969 1986 attigit,
998 1933 1191 1987 protinus
1217 1938 1359 1974 tumor
1386 1933 1586 1985 dolorque
1613 1931 1695 1971 dis-

282 1992 421 2033 cessit.

494 2111 530 2151 3.
561 2111 659 2159 Fass
681 2110 748 2151 des
766 2110 915 2152 Onkels
945 2111 1227 2161 (Julianus
1260 2110 1341 2163 23).

214 2199 261 2233 30
366 2193 470 2234 Erat
485 2193 597 2233 enim
617 2198 721 2233 tunc
742 2193 944 2246 temporis
962 2192 1076 2246 apud
1098 2193 1247 2233 urbem
1262 2193 1496 2232 Arvernam
1519 2195 1696 2244 patruus

283 2265 400 2293 meus
427 2252 571 2293 Gallus
594 2252 827 2305 episcopuS,
852 2252 902 2294 de
928 2264 1011 2304 quo
1034 2264 1119 2292 non
1141 2251 1312 2293 videtur
1335 2250 1490 2300 omitti,
1517 2248 1696 2302 qualiter

283 2311 326 2352 in
349 2311 631 2353 adolescentia
654 2324 730 2352 sua
752 2311 879 2351 fuerit
902 2324 926 2350 a
949 2311 1085 2351 sancti
1107 2311 1266 2351 virtute
1290 2310 1476 2351 iuvatus.
1517 2309 1574 2349 Et
1598 2307 1696 2362 quia

284 2370 449 2423 saepius
468 2370 810 2420 commemoravi,
833 2371 954 2423 quale
981 2370 1193 2411 excidium
1211 2370 1426 2409 Arvernae
1445 2367 1604 2420 regioni
1620 2380 1696 2408 rex

283 2429 565 2472 Theodoricus
581 2429 784 2479 intulerit,
801 2442 898 2470 cum
914 2442 1050 2481 neque
1067 2428 1296 2477 maioribus
1312 2440 1447 2480 neque
1465 2426 1696 2469 minoribus

214 2495 262 2529 35
283 2494 389 2529 natu
416 2489 575 2541 aliquid
602 2489 653 2531 de
679 2489 804 2529 rebus
832 2488 1009 2541 propriis
1036 2492 1100 2527 est
1126 2487 1321 2527 relictum
1348 2491 1514 2540 praeter
1539 2490 1696 2525 terram

284 2560 478 2598 vacuam,
504 2561 631 2600 quam
654 2561 795 2588 secum
817 2547 986 2587 barbari
1009 2548 1115 2587 ferre
1138 2559 1223 2586 non
1247 2550 1460 2598 poterant.
1502 2544 1577 2585 His
1599 2556 1696 2596 ergo

382 2656 396 2678 1
422 2656 591 2701 facque
613 2654 721 2691 cito.
