1786 3016
892 249 1101 291 —34-

366 366 500 419 Igitur
531 366 892 407 commorantibus
923 367 987 407 his
1020 367 1134 421 apud
1167 367 1384 412 basilicam
1415 368 1552 411 sancti
1582 369 1693 412 Mar-

281 425 375 475 tini,
397 425 512 467 misit
532 425 586 467 ad
611 426 979 467 Guntchramnum
1002 427 1210 467 Bosonem
1231 427 1515 480 Fredegundis
1533 428 1694 482 regina,

284 497 474 538 quaeque
503 485 652 525 etiam1
680 498 755 538 pro
784 490 919 526 morte
949 485 1232 528 Theodoberti
1261 487 1598 540 patricinabatur
1624 499 1694 528 oc-

281 545 408 594 culte,
436 543 597 586 dicens:
625 557 642 584 «
671 544 713 585 Si
740 544 1037 585 Merovechum
1063 545 1216 585 eiecere
1244 546 1400 599 poteris
1427 546 1479 589 de
1505 546 1693 598 basilica,

241 609 261 643 5
284 608 334 643 ut
361 603 655 654 interficiatur,
685 616 887 656 magnum
916 604 966 647 de
996 617 1062 644 me
1091 617 1245 645 munus
1274 605 1466 658 accipies.
1496 618 1514 646 »
1539 605 1598 646 At
1625 605 1693 646 ille

283 667 451 715 praesto
473 667 629 715 putans
650 663 952 714 interfectores,
975 663 1035 707 ait
1056 663 1111 706 ad
1132 664 1450 705 Merovechum:
1472 676 1490 704 «
1510 665 1570 706 Ut
1592 664 1693 718 quid

282 721 348 761 hic
371 722 490 774 quasi
509 722 645 773 signes
665 726 708 762 et
726 722 867 765 timidi
885 722 1114 764 resedimus
1134 728 1178 763 et
1197 728 1246 764 ut
1265 723 1437 764 hebetes
1456 723 1566 764 circa
1584 723 1695 764 basi-

281 781 406 821 licam
433 782 703 822 occulemur?
746 781 929 822 Veniant
955 782 1053 834 equi
1079 782 1226 833 nostri,
1253 787 1296 823 et
1323 782 1508 836 acceptis
1533 783 1694 836 accepi-

281 839 432 890 tribus,
459 853 556 880 cum
582 840 758 880 canibus
783 853 1052 881 exerceamur
1076 842 1301 882 venatione
1327 840 1694 895 expectaculisque

212 906 260 939 10
283 899 441 952 patulis
469 899 758 941 iocundemur.
790 914 806 939 »
835 901 926 940 Hoc
954 900 1066 940 enim
1095 900 1248 952 agebat
1276 901 1438 952 callide,
1467 905 1526 955 ut,
1543 913 1642 942 eum
1669 913 1695 942 a

283 963 430 999 sancta
462 958 636 999 basilica
669 964 896 1011 separaret.
951 959 1294 1000 Guntchramnus
1325 972 1426 1000 vero
1459 959 1562 1000 alias
1594 972 1694 1001 sane

282 1017 418 1058 bonus
432 1041 487 1046 ———
497 1031 598 1058 nam
610 1018 655 1058 in
670 1019 858 1070 periuriis
872 1018 1051 1058 nimium
1062 1023 1338 1071 praeparatus
1349 1024 1440 1060 erat
1450 1042 1506 1049 ——
1516 1031 1696 1070 ,verum—

281 1082 427 1117 tamen
448 1077 552 1117 nulli
574 1078 806 1118 amicorum
829 1082 1141 1118 sacramentum
1164 1078 1295 1128 dedit,
1315 1077 1433 1131 ‘quod
1455 1090 1542 1119 non
1564 1079 1695 1132 proti-

281 1149 361 1176 nus
387 1136 637 1192 obmisissetf
681 1137 845 1188 Egressi
869 1137 1030 1188 itaque,
1056 1142 1104 1177 ut
1129 1137 1327 1188 diximus,
1352 1137 1403 1177 de
1427 1137 1614 1188 basilica,
1639 1137 1694 1180 ad

213 1201 259 1235 15
285 1195 656 1237 Iocundiacensem
682 1196 856 1238 domum
882 1196 1055 1235 civitate
1082 1197 1318 1249 proximam
1345 1197 1549 1250 progressi
1573 1202 1695 1247 sunt3

283 1254 355 1295 sed
379 1268 404 1294 a
427 1255 584 1295 nimine
609 1255 883 1295 Merovechus
906 1255 1072 1295 nocitus
1097 1261 1174 1296 est.

365 1315 421 1354 Et
447 1315 544 1366 quia
567 1314 838 1366 inpetebatur
860 1319 964 1354 tunc
991 1315 1335 1355 Guntchramnus
1359 1315 1409 1357 de
1431 1315 1622 1365 interitu,
1644 1319 1696 1356 ut

282 1373 480 1423 diximus,
501 1373 798 1423 Theodoberti,
820 1374 934 1413 misit
956 1373 1212 1426 Chilpericus
1231 1387 1304 1414 rex
1325 1374 1548 1427 epistolam
1567 1374 1695 1414 scrib—

280 1437 373 1472 tam
396 1432 451 1475 ad
473 1433 742 1485 sepulchrum
765 1433 901 1472 sancti
924 1433 1109 1483 Martini,
1136 1445 1242 1486 quae
1265 1432 1452 1474 habebat
1474 1433 1694 1483 insertum,

212 1498 259 1531 20
282 1496 332 1532 ut
365 1492 403 1531 ei
435 1492 587 1532 beatus
620 1492 829 1532 Martinus
862 1491 1125 1542 rescriberet,
1157 1497 1303 1532 utrum
1335 1492 1494 1543 liceret,
1526 1492 1692 1533 extrahi

286 1551 654 1592 Guntchramnum
679 1550 729 1593 de
754 1551 927 1591 basilica
951 1551 1053 1601 eius,
1078 1564 1133 1591 an
1157 1564 1255 1591 non.
1300 1551 1381 1594 Sed
1408 1550 1695 1604 Baudegylus²

283 1610 499 1660 diaconus,
528 1610 599 1663 qui
623 1610 732 1650 hanc
756 1610 980 1663 epistolam
1005 1610 1211 1661 exhibuit,
1237 1616 1400 1651 cartam
1424 1623 1575 1663 puram
1598 1623 1695 1651 cum

282 1670 430 1711 eadem
451 1682 579 1722 quam
597 1668 808 1712 detulerat
826 1668 880 1711 ad
899 1674 1095 1710 sanctum
1112 1670 1324 1710 tumolum
1342 1669 1471 1710 misit.
1506 1669 1695 1723 Cumque

283 1742 356 1782 per
379 1728 569 1771 triduum
595 1733 859 1782 expectasset
885 1734 928 1768 et
953 1729 1056 1768 nihil
1081 1729 1305 1769 rescribere
1331 1729 1546 1782 coeperit',
1571 1728 1697 1772 rediit

212 1793 259 1828 25
282 1788 337 1830 ad
359 1788 651 1841 Chilpericum.
693 1788 765 1828 Ille
786 1800 886 1827 vero
907 1788 1022 1827 misit
1043 1787 1159 1838 alios,
1184 1788 1255 1841 qui
1276 1793 1540 1828 sacramenta
1559 1787 1695 1840 exige-

281 1852 376 1887 rent
404 1847 740 1897 Guntchramno,
765 1853 814 1887 ut
838 1847 925 1887 sine
951 1848 1038 1887 eius
1062 1847 1282 1888 scientiam
1305 1847 1522 1888 basilicam
1544 1849 1697 1896 <non>

281 1907 549 1959 relinqueret.
595 1907 676 1960 Qui
698 1906 933 1947 ambienter
954 1906 1110 1956 iurans,
1135 1906 1291 1959 pallam
1313 1906 1457 1956 altaris
1479 1906 1696 1948 fideiusso-

281 1978 370 2005 rem
386 1965 518 2016 dedit,
534 1978 770 2018 numquam
786 1979 827 2005 se
845 1966 994 2007 exinde
1012 1966 1098 2005 sine
1115 1966 1294 2006 iussione
1310 1971 1404 2019 rege
1421 1978 1695 2017 egressurum.

282 2025 557 2065 Merovechus
582 2038 681 2065 vero
706 2038 791 2065 non
816 2025 987 2067 credens
1013 2025 1286 2077 phitonissae,
1310 2029 1396 2065 tres
1420 2025 1547 2064 libros
1571 2037 1696 2076 super

212 2090 260 2124 30
282 2084 419 2124 sancti
434 2085 701 2137 sepulchrum
718 2085 872 2137 posuit,
890 2084 933 2126 id
948 2089 1012 2124 est
1030 2084 1234 2134 Psalterii,
1256 2085 1430 2136 Regum,
1448 2083 1697 2135 Euangelio-
1753 2110 1759 2119 .

281 2156 390 2193 rum,
416 2148 472 2193 et,
498 2143 677 2195 vigilans
701 2148 796 2183 tota
820 2148 958 2193 nocte,
985 2143 1108 2196 petiit
1133 2148 1182 2183 ut
1207 2143 1286 2183 sibi
1310 2143 1460 2183 beatus
1485 2143 1697 2182 confessor

284 2203 384 2254 quid
409 2203 596 2242 evenerit
620 2202 874 2252 ostenderet,
898 2208 941 2242 et
964 2207 1109 2242 utrum
1133 2202 1265 2254 possit
1287 2214 1463 2254 regnum
1485 2214 1695 2254 accepere,

282 2274 337 2301 an
355 2274 453 2311 non,
473 2266 555 2312 <ut
575 2262 790 2309 Domino>
808 2261 1021 2304 indicante
1040 2266 1323 2314 cognusceret.
1360 2261 1461 2300 Post
1478 2261 1582 2300 haec
1599 2273 1696 2301 con-

281 2321 451 2361 tinuato
468 2321 610 2364 triduo
626 2321 669 2361 in
685 2321 863 2370 ieiuniis,
882 2321 1032 2372 vigiliis
1050 2326 1178 2372 atque
1196 2319 1470 2369 orationibus,
1487 2320 1538 2360 ad
1556 2325 1696 2365 tumo-

213 2386 260 2420 35
282 2380 371 2421 lum
407 2380 623 2430 accedens,
659 2380 842 2420 revolvit
876 2379 1045 2429 librum,
1084 2380 1154 2431 qui
1188 2384 1279 2420 erat
1318 2380 1492 2431 Regum.
1543 2379 1696 2421 Versus

202 2433 205 2440 ‘
282 2445 427 2479 autem
443 2440 601 2491 primus
618 2440 808 2492 paginae,
827 2451 954 2491 quam
969 2439 1184 2488 reseravit,
1200 2438 1267 2478 hic
1282 2443 1391 2478 erat:
1409 2439 1505 2478 ‘Pro
1519 2450 1568 2477 eo
1584 2437 1695 2490 quod

283 2498 564 2550 dereliquistis
598 2498 817 2538 dominum
852 2498 988 2538 Deum
1021 2502 1211 2538 vestrum
1243 2502 1286 2538 et
1318 2497 1567 2538 ambulastis
1600 2501 1697 2549 post

381 2635 395 2656 1
422 2645 537 2680 quae
565 2635 605 2670 ei
633 2635 734 2671 iam.
765 2654 811 2659 —
839 2633 854 2655 2
882 2633 1216 2679 Baudegisilus
1234 2637 1326 2670 u.a.
1362 2654 1398 2657 —
1433 2633 1448 2654 ³
1475 2631 1695 2669 rescribti

280 2688 523 2733 receperit.
