1786 3016
730 209 941 251 ..39-

43 309 462 382 *xifzsi'ifixdeputantes
483 330 615 381 atque
636 333 846 381 petentes,
869 333 932 380 ut,
955 341 1054 370 cum
1078 330 1296 383 Hispaniis
1319 331 1460 384 puella
1480 331 1544 372 in-

71 392 85 426 l
109 385 297 438 troisset,
311 386 463 428 statim
475 391 740 429 testamenta
753 388 840 439 illa,
855 392 1082 442 tamquam
1097 389 1132 429 si
1146 390 1234 434 iam
1249 395 1390 432 essent
1405 390 1544 444 sepul-

55 444 57 447 ’
86 471 87 474 =
108 445 162 500 ti,
178 450 482 488 reserarentur.
522 447 691 488 Interea
709 447 841 501 legati
860 449 968 501 regis
989 447 1248 491 Childeberti
1269 449 1453 491 Parisius
1471 464 1544 491 ve-

50 534 59 542 .,
107 509 280 557 nerunt,
303 510 596 548 contestantes
619 507 854 561 Chilperico
876 508 978 560 regi,
1001 513 1051 549 ut
1073 508 1178 549 nihil
1201 509 1252 553 de
1276 509 1542 561 civitatibus,

110 577 218 620 quas
233 564 286 608 de
301 577 432 619 regno
448 566 612 608 fratris1
627 567 693 608 sui
707 566 900 618 tenebat,
925 568 1112 609 auferret
1135 571 1158 618 <
1169 573 1246 610 aut
1262 568 1314 612 de
1330 569 1541 611 thesauris
1591 576 1614 613 5

44 620 53 657 ἶ
109 625 200 667 eius
213 625 260 667 in
274 624 420 679 aliquo
435 625 570 666 filiam
585 630 880 677 muneraret),
897 640 945 668 ac
962 640 1048 668 non
1063 628 1306 682 manicipia‚
1323 641 1410 670 non
1425 630 1542 682 equi-

107 688 188 736 tes,
202 696 290 727 non
302 684 402 738 iuga
415 684 577 727 bovum
590 699 728 739 neque
743 687 904 740 aliquid
918 687 1211 730 huiuscemodi
1226 688 1277 731 de
1292 688 1357 728 his
1372 689 1550 732 auderet

4 737 8 753 ⁵
38 749 46 779 ,J
109 743 343 798 adtingere.
375 745 438 786 De
454 745 608 799 quibus
621 744 773 799 legatis
787 759 921 788 unum
936 747 1079 788 ferunt
1094 748 1204 788 clam
1218 748 1542 802 interemptum,

108 803 184 848 sed
211 804 400 846 nescitur
429 817 456 846 a
487 818 592 859 quo;
623 806 805 859 suspicio
835 812 982 848 tamen
1014 807 1266 849 vertebatur
1296 807 1352 850 ad
1382 821 1540 861 regem.

32 859 52 914 χ’
110 863 371 906 Promittens
390 877 493 905 vero
512 865 771 919 Chilpericus
790 880 865 907 rex
884 866 989 907 nihil
1009 867 1061 909 de
1080 867 1146 907 his
1165 867 1423 920 contingere,
1443 881 1542 909 con·
1564 877 1612 912 10

3 932 12 976 fl
107 923 275 966 vocatis
290 923 534 966 melioribus
553 925 726 966 Francis
742 926 999 980 reliquisque
1015 927 1230 978 fidelihus,
1247 928 1420 981 nuptias
1438 929 1542 969 cele-

23 995 44 1012 '-
108 982 255 1026 bravit
277 983 392 1025 filiae
416 997 532 1026 suae.
572 985 881 1040 Traditamque
905 987 1056 1039 legatis
1086 987 1340 1038 Gothorum,
1364 1000 1542 1040 magnos

0 1042 4 1071 ῑ
35 1040 38 1044 ’
107 1043 148 1085 ei
161 1043 386 1086 thesauros
404 1043 538 1087 dedit.
576 1045 658 1087 Sed
677 1050 721 1086 et
739 1051 878 1087 mater
895 1046 984 1087 eius
1002 1046 1245 1087 inmensum
1263 1048 1431 1100 pondus
1450 1048 1542 1089 auri

23 1107 35 1137 »ἕ
107 1103 359 1157 argentique
384 1104 472 1145 sive
497 1105 855 1146 vestimentorum
880 1106 1076 1159 protulit,
1100 1107 1163 1147 ita
1187 1112 1237 1148 ut
1262 1107 1412 1150 videns
1436 1107 1541 1148 haec

106 1159 183 1205 rex
199 1162 305 1204 nihil
323 1163 404 1204 sibi
420 1165 671 1205 remansisse
691 1170 878 1219 putaret.
921 1166 1057 1219 Quem
1074 1179 1248 1207 cernens
1265 1167 1410 1220 regina
1428 1180 1541 1208 com·
1563 1175 1612 1211 15

0 1213 22 1271 ἔξ
106 1227 291 1275 motum,
308 1235 514 1264 conversa
530 1224 586 1267 ad
604 1225 805 1276 Francos,
822 1226 885 1266 ita
903 1226 984 1267 ait:
1003 1239 1020 1266 «
1039 1227 1099 1266 Ne
1117 1227 1294 1280 putetis,
1312 1227 1406 1278 viri,
1427 1228 1541 1280 quic-

0 1294 18 1332 ᾗ
108 1295 240 1336 quam
253 1282 322 1324 hic
337 1283 390 1326 de
404 1283 616 1325 thesauris
632 1285 895 1326 anteriorum
909 1298 1058 1339 regum
1073 1285 1249 1337 habere3
1267 1287 1411 1328 omnia
1426 1288 1540 1328 enim

109 1355 219 1396 quae
238 1343 420 1384 cernetis
439 1343 491 1387 de
510 1357 607 1384 mea
626 1345 888 1398 proprietate
909 1345 1055 1387 oblata
1075 1351 1189 1397 sunt,
1212 1347 1312 1399 quia
1330 1347 1435 1387 mihi
1452 1347 1542 1400 glo-

0 1421 17 1486 ἒ
106 1402 361 1444 riesissimus
378 1416 452 1444 rex
471 1404 610 1445 multa
626 1404 805 1458 largitus
823 1410 902 1455 est,
921 1410 965 1446 et
982 1418 1058 1458 ego
1075 1407 1282 1447 nonnulla
1299 1407 1350 1449 de
1370 1407 1540 1460 proprio

0 1490 15 1513 ‚.
106 1463 363 1516 congregavi
387 1463 600 1514 <labor-e>
625 1470 670 1506 et
697 1465 749 1508 de
777 1465 975 1508 domibus
1002 1466 1108 1506 mihi
1133 1467 1341 1507 concessis
1367 1472 1461 1508 tam
1487 1466 1539 1510 de
1561 1475 1610 1510 20

0 1519 21 1566 ‘x
105 1522 318 1564 fructibus
334 1535 464 1577 quam
477 1523 654 1565 tributis
669 1524 853 1578 plurima
866 1526 1077 1578 reparavi.
1111 1525 1194 1569 Sed
1208 1531 1251 1567 et
1266 1539 1342 1567 vos
1358 1527 1542 1580 plerum-

0 1555 15 1640 ξ
109 1594 190 1635 que
211 1595 278 1624 me
300 1582 548 1624 muneribus
569 1585 722 1625 vestris
745 1585 930 1636 ditastis,
952 1585 1003 1629 de
1029 1585 1182 1639 quibus
1203 1591 1306 1627 sunt
1325 1586 1408 1627 ista
1432 1599 1539 1639 quae

105 1655 220 1683 nunc
237 1655 380 1684 coram
397 1643 567 1694 videtis,
585 1657 687 1684 nam
704 1644 772 1685 hic
790 1645 841 1688 de
858 1645 1070 1686 thesauris
1089 1645 1270 1699 publicis
1288 1646 1393 1687 nihil
1410 1646 1540 1688 habe-

0 1705 9 1743 ἑ
105 1705 190 1742 tur.
212 1715 230 1743 »
247 1702 304 1744 Et
322 1703 381 1744 sic
400 1703 567 1744 animus
585 1704 694 1757 regis
713 1705 884 1748 delusus
903 1710 981 1746 est.
1020 1705 1131 1746 Nam
1147 1710 1275 1747 tanta
1294 1706 1376 1747 fuit
1395 1706 1540 1748 multi-

105 1761 214 1805 tudo
237 1775 395 1813 rerum,
420 1768 470 1804 ut
494 1775 647 1805 aurum
671 1770 981 1819 argentumque
1006 1765 1074 1806 vel
1097 1765 1262 1819 reliqua
1286 1771 1539 1808 ornamenta
1561 1774 1609 1809 25

0 1821 9 1861 *s
107 1821 433 1876 quinquagenta
453 1822 646 1876 plaustra
664 1824 871 1865 levarent.
911 1825 1062 1865 Franci
1082 1839 1183 1866 vero
1203 1826 1341 1867 multa
1361 1839 1539 1868 munera

106 1881 372 1934 obtulerunt,
396 1883 468 1923 alii
489 1895 656 1935 aurum,
680 1884 751 1925 alii
773 1890 1012 1937 argentum,
1035 1885 1229 1926 nonnulli
1250 1886 1430 1939 equites,
1452 1886 1540 1940 ple-

103 1941 225 1996 rique
242 1942 515 1994 vestimenta,
533 1948 577 1984 et
593 1945 886 1998 unusquisque
904 1950 954 1986 ut
970 1945 1115 1998 potuit
1131 1945 1387 1988 donativum
1403 1946 1538 1989 dedit.

108 2001 201 2043 Iam
221 2014 323 2043 vero
343 2002 438 2043 vale
459 2003 619 2044 faciens
641 2004 782 2058 puella
803 2010 901 2058 post
920 2005 1105 2046 lacrimis
1126 2010 1170 2046 et
1191 2006 1346 2056 oscola,
1368 2019 1465 2047 cum
1486 2006 1538 2049 de

105 2066 232 2116 porta
253 2061 538 2115 egrederetur,
562 2077 648 2104 uno
671 2077 869 2105 carrucae
893 2065 1076 2106 effractu
1099 2078 1193 2116 axe,
1218 2078 1363 2106 omnes
1387 2078 1404 2106 «
1425 2066 1539 2108 Mala
1561 2073 1609 2108 30

104 2120 211 2163 hora
232 2135 251 2163 ν
269 2122 492 2173 dixerunt3
517 2123 632 2176 quod
654 2136 679 2164 a
703 2124 961 2177 quibusdam
983 2138 1059 2178 pro
1081 2125 1270 2179 auspicio
1291 2131 1538 2179 susceptum

105 2186 185 2222 est.
221 2181 414 2236 Denique
433 2182 538 2223 haec
558 2183 610 2226 de
631 2184 817 2225 Parisius
837 2197 1070 2237 progressa,
1091 2190 1246 2226 octavo
1265 2186 1319 2226 ab
1338 2185 1442 2227 urbe
1461 2186 1538 2226 mi-

104 2240 226 2283 liario
250 2242 438 2283 tentoria
463 2242 538 2296 figi
563 2244 784 2297 praecipit.
830 2244 1058 2297 Surgentes
1084 2245 1198 2285 enim
1225 2246 1538 2299 quinquaginta

105 2301 187 2342 viri
213 2301 265 2344 de
292 2307 433 2354 nocte,
460 2303 763 2356 adpraehensis
791 2309 965 2345 centum
992 2304 1209 2358 equitibus
1236 2306 1409 2358 optimis
1435 2306 1537 2347 toti-

105 2360 288 2415 demque
305 2362 434 2403 frenis
451 2357 589 2403 aureis
607 2377 655 2404 ac
673 2363 840 2406 duobus
857 2364 1010 2405 catinis
1026 2365 1205 2418 magnis,
1224 2366 1278 2407 ad
1297 2364 1537 2407 Childeber-
1559 2371 1607 2407 35

104 2425 201 2462 tum
217 2434 359 2476 regem
376 2423 479 2475 fuga
497 2422 651 2476 dilapsi
670 2424 882 2464 abierunt.
922 2424 1004 2467 Sed
1023 2430 1066 2466 et
1085 2439 1159 2478 per
1177 2430 1321 2466 totum
1338 2426 1420 2466 iter
1438 2439 1536 2466 cum

103 2480 193 2523 labi
221 2482 315 2535 quis
343 2482 569 2536 potuisset,
598 2484 846 2536 effugiebat,
876 2485 1013 2525 ferens
1042 2498 1186 2526 secum
1217 2498 1324 2538 quae
1353 2485 1535 2538 arripere

104 2542 329 2595 potuisset.
370 2542 617 2595 Apparatus
646 2556 813 2596 quoque
840 2557 1019 2596 magnus
1045 2558 1254 2598 expensae
1281 2545 1332 2587 de
1359 2545 1535 2587 diversis

231 2650 246 2672 1
273 2651 436 2696 patris.
