1786 3016
0 901 9 915 w
0 859 2 870 ἡ
0 781 15 810 ,ιω
0 761 3 768 ’
0 632 11 752 1.*νὴ
0 598 11 617 *ae
0 515 15 584 *nqqrff
2 471 3 474 „
0 406 8 428 r»
8 391 10 393 .
0 338 15 373 ,Γ

728 231 954 272 -409—

122 350 345 408 presbiteri
363 363 462 392 cum
479 355 658 404 argento
676 355 720 392 et
739 350 1008 391 vestimentis
1031 355 1216 403 quatuor
1235 349 1374 403 pueris
1393 348 1556 390 saucia·

121 410 202 457 tim·
237 410 332 466 Quo
352 410 557 464 fugiente,
579 410 914 464 Austrighiselus
935 410 1092 450 iterum
1112 409 1299 460 inruens,
1321 407 1556 449 interfectis

123 469 279 527 pueris,
296 482 451 512 aurum
467 475 780 537 argentumque
797 482 896 510 cum
913 469 1086 522 reliquis
1103 468 1229 510 rebus
1246 468 1441 509 abstulit.
1477 468 1558 508 De-

122 530 223 573 hinc
241 529 312 572 eui
330 529 508 572 iudici01
527 529 687 570 civium
708 529 1021 579 convenissent,
1043 533 1087 569 et
1108 533 1358 582 preceptum
1378 532 1488 568 esset
1508 531 1558 568 ut

124 589 474 644 Austrighiselus,
510 589 584 642 qui
615 589 830 630 homicida
861 593 954 629 erat
987 594 1044 639 et,
1064 588 1300 629 interfectis
1318 587 1473 640 pueris,
1490 599 1556 627 res
1609 589 1629 625 5

126 650 215 697 sine
239 649 509 692 audienciam
533 649 784 702 diripuerat,
809 661 988 689 censura
1010 648 1135 701 legali
1159 647 1559 700 condempnaretur.

129 708 244 751 Inito
261 708 436 764 placito,
454 708 602 762 paucis
619 709 731 749 infra
750 708 900 751 diebus
922 707 1134 749 Sicharius
1153 707 1330 748 audiens
1349 706 1463 759 quod
1481 719 1560 756 res,

129 781 236 823 quas
259 768 596 822 Austrighiselus
622 768 882 823 deripuerat,
908 781 1006 809 cum
1032 768 1212 808 Aunone
1238 772 1282 808 et
1306 766 1396 807 filio
1422 765 1561 818 adque

128 828 219 871 eius
232 829 365 870 fratre
382 828 587 870 Eberulfo
602 828 901 878 retinerentur,
918 827 1160 881 postposito
1176 827 1348 881 placito,
1365 826 1564 866 coniunc-

127 894 200 931 tus
223 887 410 939 Audino,
440 893 560 929 mota
584 888 809 939 sedicione,
834 901 933 929 cum
957 887 1133 928 armatis
1158 887 1259 927 viris
1283 886 1414 927 inruit
1439 898 1564 938 super
1585 889 1634 923 10

129 960 201 990 eos
221 952 362 999 nocte,
384 947 622 1001 elisumque
644 948 898 1002 hospicium,
919 948 963 988 in
986 960 1070 1000 quo
1092 947 1376 996 dormiebant,
1398 950 1565 998 patrem

131 1021 230 1050 cum
255 1008 388 1048 fratre
415 1013 459 1049 et
486 1007 577 1048 filio
603 1007 820 1049 interemit
848 1021 1000 1060 resque
1028 1020 1175 1048 eorum
1202 1019 1300 1048 cum
1327 1005 1564 1059 pecoribus,

130 1067 452 1121 interfectisque
468 1068 615 1118 servis,
631 1068 828 1109 abduxit.
868 1067 993 1121 Quod
1006 1080 1084 1108 nos
1099 1067 1335 1116 audientes,
1351 1065 1568 1106 vehimen-

135 1132 205 1169 ter
221 1140 274 1169 ex
292 1127 372 1168 hoc
390 1127 574 1178 molesti,
594 1127 798 1169 adiuncto
816 1121 967 1178 iudice,
986 1127 1245 1180 legacionem
1263 1127 1317 1167 ad
1336 1138 1406 1166 eos
1425 1124 1568 1164 mitte-

133 1200 244 1239 mus,
266 1191 318 1228 ut
339 1187 384 1228 in
406 1187 543 1228 nostri
566 1188 783 1241 presencia
806 1188 1039 1238 venientes,
1065 1191 1242 1240 accepta
1263 1186 1447 1236 racione,
1471 1196 1569 1224 cum
1591 1186 1639 1222 15

134 1259 238 1302 pace
259 1246 603 1299 disce[n]derent,
623 1261 676 1288 ne
697 1248 882 1301 iurgium
914 1248 958 1288 in
991 1247 1175 1301 amplius
1197 1246 1424 1300 pulularet.
1469 1243 1569 1297 Qui-

134 1307 215 1349 bus
247 1307 521 1348 venientibus
555 1307 880 1360 coniunctisque
914 1307 1094 1358 civibus,
1128 1319 1205 1360 ego
1239 1306 1327 1347 aio:
1362 1319 1378 1345 «
1413 1304 1568 1353 Nolite,

138 1366 279 1420 quiri¹‚
299 1366 344 1407 in
364 1367 591 1408 sceleribus
612 1367 832 1420 proficere,
854 1380 905 1408 ne
928 1367 1090 1408 malum
1109 1367 1276 1420 longius
1297 1364 1570 1407 extendatur.

138 1425 415 1470 Perdedimus
438 1427 552 1467 enim
577 1427 724 1477 eclesie
747 1428 882 1479 filius3
907 1432 1148 1468 metuemus
1171 1440 1298 1477 nunc,
1322 1439 1374 1467 ne
1398 1429 1441 1465 et
1465 1423 1571 1464 alius

137 1486 182 1528 in
205 1486 286 1527 hac
309 1486 552 1528 intencione
576 1500 811 1528 careamus,
854 1488 1020 1538 Estote,
1047 1499 1192 1540 queso,
1218 1485 1406 1540 pacifici,
1431 1489 1474 1524 et
1501 1482 1574 1535 qui
1595 1486 1643 1520 20

137 1545 300 1587 malum
317 1546 463 1599 gessit,
483 1551 627 1588 stante
648 1547 843 1598 caritate,
863 1553 1094 1601 conponat,
1114 1552 1164 1588 ut
1183 1547 1275 1587 sitis
1294 1546 1372 1586 filii
1391 1542 1573 1598 pacifici,

141 1605 216 1659 qui
238 1605 356 1659 digni
378 1606 471 1647 sitis
493 1619 624 1660 regno
649 1607 741 1658 Dei,
765 1607 858 1660 ipso
884 1607 1068 1648 Domino
1090 1607 1322 1657 tribuente,
1347 1604 1574 1659 percipere.

143 1665 212 1708 Sic
230 1666 346 1707 enim
365 1665 448 1720 ipsi
467 1666 550 1708 ait:
572 1667 713 1707 ‘Beati
734 1667 916 1720 pacifici,
940 1668 1143 1720 quoniam
1163 1667 1241 1707 filii
1262 1665 1341 1706 Dei
1360 1663 1576 1705 vocabun-

141 1728 242 1767 tur.'
278 1725 387 1766 Ecce
407 1725 535 1777 enim,
555 1727 637 1767 etsi
655 1726 729 1777 illi,
753 1727 825 1779 qui
843 1740 956 1777 noxe
974 1727 1186 1778 subditur,
1205 1726 1343 1766 minor
1361 1729 1426 1765 est
1444 1722 1577 1764 facul-

141 1790 226 1836 tas,
240 1790 419 1838 argento
435 1786 582 1836 eclesie
595 1787 849 1838 redemitur3
864 1787 1036 1828 interim
1050 1787 1194 1828 anima
1207 1786 1288 1826 viri
1301 1798 1387 1826 non
1402 1787 1582 1837 pereat.»
1600 1784 1648 1820 25

143 1844 202 1886 Et
212 1844 290 1886 hec
302 1845 460 1896 dicens,
474 1846 610 1899 optuli
626 1851 851 1899 argentum
868 1847 1033 1899 eclesie,
1049 1848 1121 1890 sed
1134 1860 1231 1900 pars
1242 1841 1578 1891 Chramnesindi,

145 1904 236 1958 qui⁸
253 1909 437 1946 mortem
456 1906 590 1958 patris
609 1907 848 1960 fratresque
868 1912 911 1947 et
931 1907 1075 1960 patrui
1092 1906 1361 1960 requerebat,
1380 1914 1578 1956 accepere

143 1964 299 2006 noluit.
343 1963 420 2005 His
447 1965 779 2016 discedentibus,
811 1966 1024 2008 Sicharius
1051 1968 1144 2018 iter,
1171 1972 1220 2007 ut
1246 1966 1300 2006 ad
1325 1977 1466 2018 regem
1492 1974 1580 2003 am-

146 2023 331 2075 bularet,
358 2031 574 2078 preparat,
603 2032 646 2066 et
674 2027 727 2066 ob
755 2027 834 2066 hoc
864 2028 1099 2068 Pectavum
1127 2028 1182 2069 ad
1207 2039 1385 2067 uxorem
1411 2036 1581 2065 cernen-

147 2083 249 2126 dam
287 2084 588 2138 proficiscitur.
642 2086 834 2139 Cumque
873 2100 1058 2137 servum,
1098 2093 1148 2128 ut
1186 2091 1400 2128 exerceret
1438 2095 1581 2137 opera,
1604 2087 1652 2122 30

147 2150 440 2186 commoneret
463 2145 763 2199 elevatamque
787 2147 952 2200 virgam
975 2147 1131 2188 ictibus
1145 2147 1402 2196 verberaret,
1416 2145 1498 2194 ille,
1513 2156 1584 2184 ex-

148 2207 291 2244 tracto
314 2203 447 2245 baltei
468 2205 626 2258 gladio,
652 2206 874 2248 dominum
899 2208 1088 2248 sauciare
1113 2220 1199 2260 non
1223 2206 1394 2247 metuit.
1442 2203 1584 2258 Quod‘²

150 2263 195 2304 in
214 2268 374 2304 terram
393 2270 559 2316 ruente,
580 2272 798 2307 currentes
820 2267 945 2307 amici
966 2268 1280 2320 adprehensum
1301 2278 1471 2307 servum
1492 2277 1584 2305 cru-

151 2321 304 2365 deliter
326 2337 484 2376 cesum,
507 2326 719 2366 truncatis
743 2327 942 2367 manibus
965 2332 1008 2368 et
1032 2328 1226 2380 pedibus,
1251 2325 1443 2380 patibolo
1467 2325 1584 2366 dam-

151 2388 380 2424 naverunt.
436 2385 613 2426 Interim
651 2399 779 2426 sonus
816 2387 860 2427 in
896 2387 1153 2428 Toronicum
1189 2388 1307 2438 exiit,
1349 2385 1586 2427 Sicharium
1609 2387 1656 2422 35

152 2442 282 2483 fuisse
303 2443 570 2486 defunctum.
608 2445 715 2487 Cum
736 2451 882 2487 autem
904 2447 979 2488 hec
1001 2447 1361 2488 Chramnesindus
1382 2445 1585 2493 audisset,

153 2503 425 2544 commonitis
456 2505 706 2557 parentibus
737 2511 780 2546 et
802 2507 962 2558 amicis,
986 2508 1041 2550 ad
1063 2508 1239 2548 domum
1261 2507 1349 2548 eius
1372 2508 1585 2559 properat.

162 2561 245 2616 Qui
258 2562 516 2616 expoliatis⁶,
531 2564 800 2619 interemptis
815 2567 1030 2608 nonnullis
1045 2581 1265 2608 servorum
1279 2567 1430 2607 domus
1446 2577 1590 2605 omnes

258 2666 274 2688 ¹
300 2677 401 2703 cum
427 2668 470 2703 in
496 2668 685 2706 iudicio.
707 2691 759 2694 —
779 2670 793 2691 2
823 2681 845 2706 o
875 2670 989 2707 viri.
1014 2692 1059 2696 -—
1090 2673 1105 2694 ³
1135 2682 1272 2719 quae.
1299 2694 1342 2698 —
1370 2674 1384 2695 ⁴
1414 2684 1520 2720 quo.
1545 2694 1590 2698 —

156 2719 171 2742 ⁵
207 2719 387 2763 Quibus
415 2722 653 2767 spoliatis.
