1786 3016
709 260 930 301 —65-

71 425 82 435 ,
151 369 243 437 f
231 352 506 435 adveniens,
535 379 762 433 ipsumque
791 379 935 437 gladio
965 392 1064 420 cum
1094 380 1216 421 sociis
1249 380 1322 433 qui
1352 380 1532 423 aderant

107 439 118 450 “
148 432 158 443 ⁶
226 438 330 498 vit.
366 438 530 494 Quibus
543 439 794 490 interfectis,
809 439 864 480 ad
878 430 1099 480 basilicam
1113 440 1252 480 sancti
1268 440 1421 480 Iuliam
1435 453 1533 481 cum

95 498 254 563 puoh!
260 491 363 551 niis,
380 499 454 553 qui
468 499 524 540 ad
539 499 826 552 propinquam
842 499 1031 552 plateam
1046 503 1153 550 erat,
1169 500 1375 552 confugit.
1408 500 1533 541 Cum-

92 566 198 616 ’ῥᾳᾞε
213 558 375 605 ibidem
398 559 656 610 resederant,
683 558 882 609 audiunt,
912 559 1026 611 quod
1052 572 1142 610 rex,
1169 558 1391 602 dominum
1417 560 1532 600 vitae

87 615 289 678 roem,
313 618 497 660 famulos
526 623 753 671 tamquam
783 618 1078 659 malefactores
1109 631 1134 659 a
1164 618 1340 659 basilica
1368 624 1530 660 tractos

38 731 40 735 λ
74 675 87 684 ⁴⁴
104 672 226 726 lubet
243 676 451 720 interfeci.
488 679 608 719 Tunc
628 691 739 719 unus
760 691 812 718 ex
833 678 912 729 his,
934 679 1162 731 evaginato
1182 678 1339 730 gladio,
1361 678 1533 721 domino

35 732 74 789 ³5²]
91 726 371 793 'iuhifugatm
385 738 519 780 socios
533 750 631 778 suos
644 738 873 788 interfecit,
887 738 975 791 ipse
991 738 1268 791 postmodum
1281 751 1379 779 cum
1390 738 1533 791 gladio

98 796 159 843 ἐἶε
174 796 353 840 Basilica
365 810 577 853 egressus;
597 798 670 840 sed
689 797 885 839 inruente
905 811 1031 851 super
1050 811 1092 839 se
1113 798 1286 851 populo,
1307 798 1533 841 crudeliter

104 857 355 900 interfectus
378 862 457 899 est.
499 857 657 899 Phater
679 861 840 909 autem,
866 862 1043 911 accepta
1066 858 1252 909 licentia,
1277 858 1332 901 ad
1356 871 1533 911 regnum

105 977 265 1020 multos
286 977 376 1021 dies
399 990 426 1018 a
448 977 699 1031 parentibus
725 977 856 1017 Prisci
878 977 1131 1018 interfectus
1155 982 1235 1018 est.

501 1117 541 1159 ὅ.
566 1117 710 1159 Etwas
737 1117 1142 1170 Topographisches.

568 1210 722 1262 Dijon
754 1210 826 1261 (H.
845 1211 896 1250 F.
919 1211 1012 1261 III,
1036 1210 1119 1261 19).

187 1286 296 1330 Erat
317 1288 431 1329 enim
452 1293 557 1330 tunc
580 1293 624 1329 et
645 1287 798 1329 beatus
826 1287 1050 1340 Gregorius
1073 1288 1188 1341 apud
1212 1288 1357 1328 orbem
1382 1288 1535 1341 Lingo-

109 917 436 969 Glm'tchramni,
469 917 581 960 unde
616 922 807 968 venerat,
843 922 909 959 est
941 931 1173 971 regressus3
1208 918 1282 958 sed
1315 930 1402 959 non
1435 923 1533 971 post
1556 923 1604 957 10

5 1337 12 1344 ⁴
63 1332 67 1335 ⁵
104 1347 247 1391 nicam
263 1360 444 1403 magnus
466 1347 544 1388 Dei
563 1348 771 1398 sacerdos,
792 1348 920 1401 signis
940 1352 984 1389 et
1003 1347 1239 1389 virtutibus
1259 1347 1411 1388 clarus.
1453 1348 1533 1390 Sed
1557 1353 1605 1388 15
1656 1381 1660 1385 .

4 1397 17 1405 .
36 1406 50 1460 s
107 1407 208 1462 quia
239 1407 365 1449 huius
398 1407 614 1462 pontificis
647 1408 933 1458 meminimus,
966 1412 1139 1461 gratum
1172 1407 1406 1448 arbitratus
1440 1421 1535 1448 sum

7 1474 21 1482 '¹
105 1466 238 1524 situm
251 1467 334 1509 loci
353 1467 636 1518 Divionensis‚
653 1468 698 1508 in
717 1480 801 1520 quo
817 1468 1003 1507 maxime
1021 1471 1114 1508 erat
1131 1467 1340 1518 assiduus,
1359 1467 1456 1508 huic
1472 1468 1535 1508 in-

105 1529 245 1569 seram
261 1526 448 1569 lectioni.
487 1527 565 1569 Est
585 1531 731 1568 autem
751 1532 941 1568 castrum
961 1527 1215 1567 firmissimis
1234 1527 1366 1568 muris
1385 1527 1430 1568 in
1449 1540 1536 1567 me·
1563 1556 1565 1559 .

57 1595 59 1597 ’
105 1586 178 1631 dia
187 1587 391 1642 planitiae
405 1592 450 1629 et
465 1588 568 1628 satis
582 1587 766 1630 iocunda
776 1587 1065 1655 conpositum,
1076 1592 1211 1628 terras
1222 1587 1346 1630 valde
1358 1587 1537 1628 fertiles1

105 1651 238 1701 atque
264 1647 484 1698 fecundas,
511 1647 575 1688 ita
601 1652 666 1698 ut,
695 1647 808 1688 arvis
836 1647 965 1687 semel
993 1647 1130 1687 scissis
1159 1659 1343 1698 vomere,
1373 1647 1535 1688 semina
1557 1653 1605 1686 20

105 1706 326 1749 iaceantur
344 1712 388 1748 et
406 1719 563 1761 magna
581 1707 801 1749 fructuum
821 1707 1037 1760 opolentia
1057 1706 1357 1760 subsequatur.
1393 1707 1432 1747 A
1449 1720 1535 1747 me-

105 1766 211 1810 ridie
236 1766 370 1808 habet
397 1767 555 1809 Oscara
581 1767 764 1808 fluvium
792 1767 977 1820 piscibus
1004 1767 1129 1810 valde
1157 1767 1453 1820 praedivitem,
1480 1767 1535 1807 ab

105 1826 304 1880 aquilone
320 1839 422 1868 vero
437 1827 544 1868 alius
561 1827 762 1868 fluviolus
779 1828 912 1878 venit,
932 1827 1005 1880 qui
1021 1840 1095 1880 per
1111 1832 1281 1880 portam
1297 1827 1535 1879 ingrediens

105 1898 156 1928 ac
169 1885 250 1928 sub
264 1891 440 1941 pontem
455 1887 694 1937 decurrens,
709 1900 784 1940 per
798 1887 926 1927 aliam
939 1899 1108 1927 rursum
1123 1891 1293 1940 portam
1307 1887 1534 1940 egreditur,

105 1950 250 1988 totum
282 1947 531 1988 monitionis
562 1946 704 1987 locum
738 1947 905 2000 placida
938 1946 1054 1987 unda
1088 1947 1400 1997 circumfluens,
1434 1951 1534 1987 ante
1558 1951 1605 1986 25

106 2010 277 2060 portam
303 2011 451 2048 autem
478 2006 658 2047 molinas
685 2007 792 2047 mira
820 2007 1048 2047 velocitate
1077 2007 1268 2048 divertit.
1320 2007 1535 2060 Quattuor

106 2070 256 2120 portae
273 2079 299 2108 a
317 2071 523 2120 quattuor
541 2066 675 2120 plagis
692 2067 842 2108 mundi
860 2072 960 2107 sunt
979 2066 1157 2119 positae,
1175 2071 1404 2119 totumque
1422 2066 1534 2108 aedi-

0 2173 1 2176 ,
105 2124 253 2168 ficium
281 2139 436 2167 xxx111
457 2131 595 2167 turres
617 2131 842 2177 exornant,
865 2137 1011 2168 murus
1034 2139 1134 2166 vero
1156 2126 1266 2166 illius
1288 2126 1340 2166 de
1364 2125 1535 2179 quadris

43 2230 46 2231 ⁷
105 2184 320 2240 lapidibus
349 2199 484 2239 usque
514 2187 558 2226 in
589 2186 741 2238 viginti
772 2187 900 2240 pedes
932 2187 1112 2239 desuper
1142 2199 1167 2226 a
1197 2186 1364 2227 minuto
1394 2185 1535 2239 lapide

106 2245 383 2288 aedificatum
406 2245 603 2296 habetur,
626 2246 788 2286 habens
811 2246 855 2287 in
877 2246 1015 2288 altum
1038 2246 1165 2299 pedes
1195 2260 1309 2296 xxx,
1332 2246 1375 2286 in
1397 2246 1535 2286 latum
1558 2251 1606 2284 30

105 2364 152 2406 in
167 2365 346 2407 circuitu
362 2366 596 2419 praetiosos
621 2367 782 2417 fontes3
814 2378 838 2406 a
865 2371 985 2418 parte
1012 2371 1158 2406 autem
1183 2365 1400 2407 occ1dente
1417 2378 1536 2405 mon-

0 2463 5 2468 .
105 2429 172 2466 tes
199 2429 300 2467 sunt
326 2425 528 2467 uberrimi
555 2426 773 2479 vineisque
810 2426 973 2478 repleti,
1005 2426 1076 2478 qui
1104 2430 1195 2466 tam
1223 2425 1362 2465 nobile
1390 2424 1536 2465 incolis

0 2484 10 2530 ἰζ
107 2483 335 2526 Falernum
357 2485 593 2539 porrigunt,
616 2491 666 2526 ut
688 2491 892 2538 respuant
915 2485 1212 2526 Cabillonum-³.
1240 2485 1349 2525 Nam
1371 2490 1535 2525 veteres

0 2123 8 2151 4

0 2202 14 2221 ὴ

0 2275 17 2302 ι,

0 2305 31 2364 ζ
106 2305 235 2360 pedes
259 2318 331 2347 xv.
372 2306 454 2360 Qui
473 2319 546 2347 cur
563 2306 716 2346 civitas
735 2306 852 2346 dicta
870 2319 955 2346 non
975 2306 1044 2355 sit,
1063 2306 1223 2358 ignoro.
1262 2305 1405 2346 Habet
1423 2305 1535 2345 enim

106 2543 251 2586 ferunt
273 2545 328 2586 ab
349 2545 570 2586 Auriliano
594 2546 673 2586 hoc
695 2546 996 2598 imperatorem
1019 2546 1147 2585 fuisse
1170 2545 1461 2587 aedificatum.

110 2663 398 2766 ‹=A²sht)1bens
426 2665 564 2701 sckiebt
594 2666 742 2701 Bonnet
771 2666 810 2701 S.
830 2665 903 2701 526
932 2666 1005 2701 ein.
1042 2686 1079 2690 —
1117 2665 1132 2686 ²
1161 2664 1414 2701 Scalonum
1446 2677 1481 2700 u.
1500 2667 1534 2699 ἅ.

243 2728 264 2755 c

177 2803 345 2840 sammlung
361 2804 513 2839 vulgsrlat.
528 2805 630 2833 Texte.
651 2805 677 2832 6.

1558 2549 1605 2583 35
