1786 3016
701 231 914 272 -47-

69 342 478 420 «φὴῴιιίἵιιίαιιῒοε,
506 355 551 392 et
579 362 666 391 non
695 350 747 393 de
777 350 861 391 alia
889 363 1019 392 causa
1046 351 1275 403 maximae,
1305 351 1387 393 nisi
1417 352 1518 406 quia

60 402 296 466 {mmo
321 408 533 454 adulteria
560 409 895 463 sequeha[n]tur‚
923 423 1089 464 semper
1115 423 1213 452 cum
1241 411 1400 454 eisdem
1426 412 1518 453 rixe

23 482 72 530 ζ·
67 468 132 522 'fot
154 467 333 524 §maes
355 474 493 512 erant.

417 597 457 639 3.
486 597 578 639 Ans
604 596 702 639 (lem
730 597 869 638 Leben
898 597 972 639 der
1002 598 1184 641 Grossen.
1565 632 1573 639 ,

417 693 460 742 a)
489 690 789 733 Munderich
820 691 893 742 (H.
913 692 964 732 F.
986 692 1079 743 III,
1103 692 1188 743 14).
1570 698 1592 733 5

31 764 33 774 '
104 766 105 769 ’
170 768 444 812 Mundericus
474 768 619 821 igitur,
654 768 727 822 qui
758 781 800 808 se
833 774 1055 821 parentem
1086 769 1250 822 regium
1281 769 1520 821 adserebat,

27 839 50 866 ’ν
88 828 228 877 elatus
242 827 455 882 superbia,
471 828 553 869 ait:
570 841 587 868 «
607 828 720 882 Quid
735 828 840 869 mihi
854 834 898 869 et
912 829 1175 871 Theodorico
1188 829 1309 882 regi?
1327 829 1394 870 Sic
1409 829 1522 870 enim

21 899 42 943 ᾖ·
89 888 196 931 mihi
216 889 370 930 solium
390 888 509 941 regni
531 887 716 939 debitur,
740 893 791 929 ut
812 888 886 929 illi.
929 889 1132 941 Egrediar
1155 894 1198 929 et
1221 889 1427 942 collegam
1450 902 1523 943 po·

24 971 27 981 ›
89 948 240 1004 pulum
268 960 413 989 meum
441 953 573 1001 atque
603 948 772 1001 exigam
802 954 1120 989 sacramentum
1149 949 1204 989 ab
1233 949 1306 1000 eis,
1336 954 1386 990 ut
1415 949 1522 989 sciat

89 1007 392 1060 Theodorious,
418 1008 518 1061 quia
541 1020 618 1060 ego
645 1021 720 1048 rex
749 1021 858 1059 sum,
882 1008 992 1049 sicut
1020 1013 1064 1049 et
1091 1009 1174 1050 ille.
1205 1022 1222 1049 »
1249 1009 1306 1049 Et
1334 1022 1523 1063 egressus
1546 1015 1595 1049 10

23 1090 25 1095 Α
90 1068 233 1123 eoepit
251 1068 451 1111 seducere
472 1068 701 1121 populum,¹
716 1067 880 1110 dicens.
902 1081 920 1108 «
941 1068 1139 1122 Princeps
1160 1081 1237 1121 ego
1257 1081 1366 1120 sum,
1387 1069 1525 1122 sequi-

62 1136 65 1143 ’
91 1126 198 1170 mini
214 1140 298 1179 me,
317 1133 362 1169 et
381 1127 462 1168 erit
481 1127 603 1168 vobis
623 1127 744 1168 bene.
767 1141 784 1168 »
804 1127 1064 1181 Sequibatur
1083 1133 1230 1169 autem
1248 1141 1347 1170 eum
1365 1129 1526 1170 rustica

46 1234 49 1236 ,
70 1194 71 1197 ’
91 1187 342 1239 multitudo,
359 1192 411 1229 ut
427 1187 677 1241 plerumque
694 1187 918 1240 fragilitati
935 1188 1123 1229 humana
1141 1189 1356 1239 convenit,
1374 1189 1525 1231 dantes

92 1253 410 1290 sacramentum
430 1247 655 1289 fidelitatis
675 1253 719 1288 et
738 1247 998 1288 honorantes
1017 1261 1115 1288 eum
1135 1253 1185 1289 ut
1203 1261 1358 1301 regem.
1403 1248 1527 1302 Quod

93 1320 192 1349 cum
218 1306 508 1351 Theudoricus
536 1307 810 1361 conperisset,
840 1308 1096 1350 mandatum
1124 1308 1301 1349 mittens
1329 1308 1385 1351 ad
1413 1321 1525 1358 eum,
1549 1312 1598 1348 15

94 1367 259 1422 dicens:
277 1380 294 1408 «
308 1366 473 1409 Accede
491 1367 546 1409 ad
562 1379 651 1418 me3
668 1372 712 1408 et
728 1367 763 1407 si
777 1366 859 1408 tibi
874 1367 1019 1421 aliqua
1035 1367 1086 1407 de
1103 1368 1394 1410 dominatione
1410 1368 1528 1421 regni

93 1427 231 1469 nostri
255 1428 398 1481 portio
423 1426 608 1478 debitur,
635 1428 792 1480 accipe.
820 1441 837 1467 ›>
863 1427 1042 1468 Dolosae
1069 1428 1181 1468 enim
1206 1428 1311 1468 haec
1335 1427 1528 1468 Theodo-

93 1487 207 1529 ricus
223 1486 409 1539 dicebat,
427 1487 586 1528 scilicet
602 1492 666 1538 ut,
685 1500 782 1528 cum
799 1487 854 1529 ad
871 1500 969 1528 eum
986 1488 1185 1539 venisset,
1202 1488 1526 1529 interficeretur.

98 1547 174 1594 Ille
190 1559 292 1588 vero
308 1547 462 1597 noluit,
481 1547 645 1590 dicens:
664 1561 681 1587 «
700 1547 779 1600 Ite,
796 1548 1041 1588 renuntiate
1058 1548 1146 1601 regi
1162 1553 1320 1598 vestro,
1341 1548 1440 1601 quia
1454 1561 1529 1588 rex

97 1619 193 1649 sum
208 1607 320 1649 sicut
336 1612 380 1648 et
395 1606 478 1647 ille.
498 1607 649 1648 »Tunc
664 1620 739 1648 rex
755 1619 1022 1648 commovere
1038 1608 1162 1648 iussit
1178 1609 1426 1659 exercitum,
1446 1620 1530 1660 quo
1553 1613 1601 1647 20
1654 1612 1657 1618 '

97 1679 352 1722 oppraessus
383 1667 427 1707 vi
458 1667 695 1720 puniretur.
751 1667 875 1721 Quod
906 1668 974 1708 ille
1006 1680 1265 1720 cognuscens
1296 1674 1339 1709 et
1370 1681 1413 1708 se
1444 1680 1531 1708 non

52 1746 54 1750 v
97 1726 348 1782 praevalens
369 1727 602 1782 defensare,
626 1728 858 1769 Victuriaci
879 1728 1007 1768 castri
1028 1741 1171 1769 muros
1192 1734 1411 1781 expetens,
1433 1740 1531 1768 cum

96 1786 224 1829 rebus
251 1787 449 1828 omnibus
474 1786 519 1828 in
543 1800 594 1828 eo
619 1801 661 1829 se
688 1788 835 1830 studet
861 1788 1136 1839 communire,
1163 1788 1228 1828 his
1255 1801 1397 1829 secum
1426 1800 1531 1841 quos

98 1846 328 1890 seduxerat
358 1847 614 1901 adgregatis.
664 1848 799 1900 Igitur
830 1854 1070 1889 commotus
1101 1849 1311 1889 exercitus
1342 1853 1532 1888 castrum

99 1906 235 1950 vallat
256 1920 306 1949 ac
328 1919 403 1961 per
425 1912 590 1961 septem
613 1907 701 1950 dies
725 1907 906 1949 obsidet.
947 1908 1218 1950 Mundericus
1241 1913 1388 1948 autem
1409 1921 1532 1961 repu-
1555 1911 1605 1947 25

98 1967 263 2021 guahat
280 1980 378 2009 cum
398 1967 483 2008 suis
503 1967 666 2009 dicens:
690 1981 707 2008 «
725 1966 895 2011 Stemus
913 1968 1043 2009 fortes
1061 1973 1104 2010 et
1120 1981 1254 2021 usque
1273 1968 1328 2009 ad
1345 1972 1529 2008 mortem

98 2027 261 2083 pariter
303 2026 563 2070 demicemus
601 2033 645 2068 et
678 2040 764 2068 non
798 2027 1032 2070 subdamur
1065 2028 1258 2069 inimicis.
1295 2042 1312 2069 »
1343 2028 1535 2081 Cumque

101 2088 312 2134 exercitus
334 2100 360 2129 a
381 2087 561 2128 circuitu
582 2087 778 2129 incontra
795 2087 933 2128 iacula
949 2088 1263 2143 transmitteret
1279 2101 1357 2128 nec
1373 2087 1535 2140 aliquid

102 2146 381 2203 praevaleret,
403 2147 716 2189 nuntiaverunt
738 2147 841 2188 haec
863 2148 964 2200 regi.
1004 2149 1063 2188 At
1085 2148 1154 2188 ille
1178 2148 1295 2188 misit
1320 2148 1534 2201 quendam

103 2207 156 2248 de
172 2207 258 2250 suis
273 2207 552 2261 Aregyselum
568 2208 739 2250 nomine
757 2207 952 2260 dixitque
969 2208 1026 2248 ei:
1045 2208 1220 2259 «Vides,
1237 2208 1402 2261 inquid,
1422 2207 1536 2260 quod
1559 2213 1607 2247 30

103 2267 352 2322 praevaleat
372 2267 440 2308 hic
463 2266 651 2321 perfidus
673 2267 717 2308 in
738 2267 1011 2308 contumacia
1032 2281 1129 2318 sua3
1152 2268 1262 2310 vade
1284 2273 1328 2308 et
1348 2268 1477 2310 redde
1499 2267 1537 2307 91

104 2331 436 2379 sacramentum,
464 2332 514 2368 ut
541 2341 711 2368 securus
739 2328 994 2380 egrediatur.
1038 2328 1145 2369 Cum
1173 2332 1319 2368 autem
1347 2340 1536 2380 egressus

104 2387 249 2439 fuerit,
266 2387 459 2429 interfice
479 2400 577 2428 eum
596 2392 639 2428 et
660 2387 751 2430 dele
770 2387 1020 2430 memoriam
1040 2388 1128 2428 eius
1149 2400 1174 2428 a
1191 2400 1322 2441 regno
1340 2392 1501 2428 nostro.
1523 2400 1540 2428 »

113 2446 196 2501 Qui
211 2446 402 2499 habiens,
420 2447 522 2488 fecit
538 2447 660 2488 iuxta
680 2447 795 2500 quod
812 2447 849 2487 ei
867 2452 1143 2501 pracceptum
1160 2448 1315 2488 fuerat.
1351 2447 1538 2489 Dederat

104 2511 253 2548 tamen
263 2507 379 2561 prius
390 2507 557 2560 signum
569 2506 900 2561 populo‚dicens:
912 2507 1036 2548 «Cum
1049 2520 1126 2560 ego
1141 2507 1244 2548 haec
1256 2513 1299 2547 et
1310 2507 1414 2547 haec
1424 2507 1539 2547 locu·
1562 2510 1610 2545 35

105 2571 178 2609 tus
194 2567 328 2619 fuero,
346 2567 495 2608 statim
511 2567 728 2608 inruentes
745 2568 974 2608 interficite
993 2580 1104 2608 eum.
1124 2580 1141 2607 »
1159 2568 1376 2620 Ingressus
1394 2572 1539 2607 autem

106 2627 376 2680 Aregyselus,
396 2627 457 2668 ait
475 2627 742 2669 Munderico:
763 2639 779 2667 «
804 2628 1034 2681 Quousque
1053 2627 1120 2667 hic
1139 2627 1295 2669 resedis
1313 2632 1539 2679 tamquam

108 2699 218 2728 unus
242 2699 294 2728 ex
317 2687 649 2740 insipientibus?
676 2687 896 2740 Numquid
922 2687 1080 2740 poteris
1106 2687 1178 2727 diu
1196 2687 1290 2739 'regi
1313 2686 1539 2727 resistere?
