1786 3016
853 239 1069 307 —564—

263 358 428 411 pondus
457 357 635 399 invexit.
685 358 751 399 Sic
781 363 824 398 et
854 371 965 398 nunc
997 363 1150 411 quarto
1180 357 1343 398 decimo
1371 370 1484 398 anno
1513 356 1677 402 Childe':

263 418 408 460 bertus
426 422 523 470 post
542 417 674 470 pati-is
694 417 859 458 obitum
877 429 1070 470 regnans,
1089 417 1217 458 nichil
1235 417 1388 469 exegit,
1406 429 1482 458 nec
1499 417 1586 458 ullo
1602 414 1677 458 tri·

264 476 358 517 buti
380 488 503 518 onere
525 477 601 517 hec
622 476 723 517 urbs
744 476 981 529 adgravata
1001 476 1256 528 congemuit.
1297 477 1418 517 Nunc
1439 480 1584 517 autem
1604 487 1678 530 po-

265 536 434 576 testatis
456 541 622 576 vestrae
644 541 722 586 est,
744 540 889 576 utrum
910 536 1116 576 censeatis
1137 535 1362 585 tributum,
1385 534 1459 575 ad1
1477 547 1583 586 non3
1604 533 1677 575 sed

223 600 244 634 5
268 595 430 645 vidite-²,
456 608 508 636 ne
534 595 687 647 aliquit
711 595 940 645 nocaeatis,
967 595 1057 635 sed³
1082 599 1230 635 contra
1254 594 1342 634 eius
1367 590 1679 635 sacramentum

265 654 480 694 ambulare
496 653 742 707 disponetis.
759 667 776 694 »
792 653 905 694 Haec
920 666 987 693 me
1002 653 1181 704 dicente,
1197 653 1524 706 responderunt:
1541 665 1558 693 «
1571 652 1679 694 Ecce

264 713 419 754 librum
439 726 511 766 pre
531 713 727 753 manibus
747 713 966 763 habemus,
986 713 1029 752 in
1051 725 1135 765 quo
1154 726 1302 753 census
1322 712 1419 753 huic
1439 712 1596 766 populo
1615 716 1680 752 est

265 772 467 813 inflictus.
492 785 509 813 »
530 773 586 813 Et
609 785 684 825 ego
706 772 793 812 aio:
817 785 834 811 «
854 772 978 811 Liber
999 772 1065 812 hic
1088 785 1112 812 a
1132 772 1239 824 regis
1260 771 1502 812 thesaurus⁴
1520 771 1681 812 dilatus

266 844 351 872 non
365 837 443 882 est,
458 845 534 872 nec
549 844 754 884 umquam
769 844 841 884 per
855 836 921 871 tot
936 831 1153 872 convaluit
1169 844 1318 871 annus.
1349 831 1443 870 Non
1453 835 1517 871 est
1527 829 1681 871 mirum
1711 876 1714 880 .

196 897 244 930 10
267 891 392 941 enim,
409 891 443 931 si
457 903 532 944 pro
546 890 740 931 inimiciis
760 891 910 931 horum
929 891 1087 930 civium
1103 891 1147 930 in
1161 891 1463 942 cuiuscumque
1477 889 1604 930 domo
1618 901 1682 929 re-

170 964 173 968 ·
268 955 460 990 servatus
474 955 551 990 est.
583 950 795 990 Iudicavit
812 950 923 991 enim
943 950 1055 990 Deus
1083 962 1208 1002 super
1234 961 1318 999 eOS,
1338 948 1411 1001 qui
1437 960 1513 1001 pro
1540 947 1682 1002 spoliis

268 1009 425 1050 civium
443 1014 686 1050 nostrorum
705 1009 816 1049 hunc
837 1014 933 1061 post
952 1009 1065 1049 ta‘nti
1084 1008 1286 1061 temporis
1305 1012 1522 1048 transacto
1541 1006 1683 1061 spacio

267 1069 618 1109 transtulerunt.»
635 1069 747 1108 Dum
767 1073 911 1108 autem
932 1068 1007 1108 hec
1029 1072 1265 1120 agerentur,
1285 1066 1444 1107 Audini
1462 1066 1590 1117 filius,
1613 1065 1685 1118 qui

268 1127 423 1169 librum
439 1128 578 1180 ipsum
595 1128 844 1180 protulerat,
861 1127 953 1179 ipsa
969 1127 1035 1167 die
1051 1140 1076 1166 a
1093 1126 1207 1166 febre
1224 1131 1454 1179 correptus,
1471 1125 1537 1166 die
1553 1124 1685 1166 tercia

199 1192 246 1226 15
270 1187 495 1239 expiravit.
533 1187 633 1227 Post
653 1187 729 1226 hec
748 1199 824 1226 nos
845 1186 1177 1226 transmissimus
1195 1185 1370 1225 noncius
1389 1185 1443 1225 ad
1462 1197 1616 1237 regem,
1635 1188 1686 1224 ut

273 1246 374 1299 quid
395 1246 446 1288 de
469 1259 517 1286 ac
539 1259 667 1286 causa
688 1245 856 1295 iuberit,
879 1245 1083 1285 mandata
1104 1245 1354 1285 remitteret.
1395 1243 1476 1287 Sed
1497 1243 1686 1296 protinos

271 1306 498 1358 epistulam
516 1317 612 1345 cum
630 1305 860 1345 autoritate
877 1305 1097 1354 miserunt,
1115 1304 1230 1345 inde⁵
1247 1302 1686 1356 populusThoronicus

272 1377 347 1417 pro
361 1365 646 1405 reverenciam
660 1365 796 1404 sancti
810 1363 982 1403 Martini
996 1362 1304 1405 discriberetur.
1342 1362 1503 1415 Quibus
1516 1361 1685 1411 relictis,

272 1424 420 1464 statim
435 1424 528 1474 viri,
546 1424 618 1476 qui
632 1424 685 1465 ad
700 1423 776 1463 hec
791 1423 907 1462 missi
921 1423 1104 1472 fuerant,
1120 1422 1174 1464 ad
1189 1422 1373 1475 patriam
1387 1426 1486 1461 sunt
1499 1420 1685 1474 regressi.

203 1548 250 1581 20
551 1544 589 1592 c)
626 1541 938 1584 Judentaufe
970 1541 1042 1591 (H.
1062 1541 1112 1580 F.
1141 1541 1214 1590 VI,
1237 1539 1320 1590 17).

359 1626 448 1665 Rex
463 1638 563 1665 vero
578 1625 835 1677 Chilpericus
850 1624 1007 1664 multos
1025 1623 1277 1665 Iudaeorum
1289 1634 1337 1662 eo
1348 1633 1460 1662 anno
1473 1621 1688 1674 baptizare

275 1685 494 1737 praecipit,
511 1697 562 1724 ex
580 1684 731 1736 quibus
748 1684 886 1736 plures
902 1683 1059 1735 excipit
1075 1695 1100 1722 a
1115 1687 1262 1722 sancto
1276 1682 1459 1721 lavacro.
1491 1679 1691 1720 Nonnulli

275 1748 421 1784 tamen
446 1755 605 1794 eorum,
630 1755 802 1795 corpore
829 1742 966 1782 abluti
990 1746 1177 1791 tantum,
1202 1753 1288 1781 non
1312 1740 1450 1790 corde,
1475 1739 1530 1783 ad
1554 1739 1690 1792 ipsam

278 1803 411 1855 quam'
427 1803 541 1855 prius
560 1802 782 1855 perfidiam
802 1801 1053 1850 habuerant,
1076 1801 1164 1840 Deo
1182 1799 1364 1849 mentiti,
1385 1798 1559 1851 regressi
1576 1802 1690 1848 sunt,

205 1868 252 1902 25
279 1862 340 1902 ita
355 1867 404 1902 ut
420 1867 463 1902 et
479 1862 707 1902 sabbatum
723 1860 1014 1901 observarent⁶
1029 1865 1072 1899 et
1089 1860 1199 1901 diem
1215 1859 1472 1900 dominicum
1487 1858 1690 1898 honorare

276 1921 515 1964 videantur.
560 1921 724 1961 Priscus
760 1933 859 1960 vero
886 1920 940 1962 ad
966 1918 1302 1971 cognuscendam
1327 1917 1552 1957 veritatem
1575 1915 1692 1956 nulla

277 1981 472 2032 paenitus
491 1980 632 2033 potuit
657 1980 820 2020 ratione
848 1979 1030 2020 deflecti.
1058 1979 1175 2018 Tunc
1200 1978 1334 2017 iratus
1359 1989 1432 2016 rex
1458 1975 1579 2016 iussit
1595 1987 1692 2015 eum

279 2039 495 2081 custodiae
522 2040 779 2092 mancipare,
807 2038 964 2078 scilicet
991 2042 1055 2087 ut,
1085 2049 1210 2089 quem
1237 2036 1402 2079 credere
1428 2034 1693 2075 voluntariae

278 2112 363 2139 non
385 2103 568 2151 poterat,
590 2099 734 2141 audire
757 2103 799 2137 et
821 2097 986 2139 credere
1007 2098 1166 2136 faceret
1186 2095 1253 2134 vel
1273 2095 1470 2135 invitum.
1510 2093 1591 2136 Sed
1610 2093 1693 2143 ille,

208 2163 255 2198 30
279 2158 390 2200 datis
418 2158 672 2210 quibusdam
697 2156 956 2206 muneribus,
983 2156 1170 2208 spatium
1196 2154 1399 2207 postulat,
1425 2153 1557 2196 donec
1581 2151 1693 2192 filius
1722 2170 1727 2181 ·=

279 2217 367 2257 eius
392 2217 694 2259 Massiliensem
722 2215 960 2256 Hebraeam
984 2214 1185 2267 accipiat,
1210 2213 1421 2266 pollicitur
1445 2212 1628 2262 dolosae,
1651 2223 1693 2251 se

280 2276 475 2328 deinceps
495 2289 601 2328 quae
619 2289 692 2316 rex
708 2276 887 2315 iusserat
904 2274 1191 2327 impleturum.
1228 2273 1395 2312 Interea
1410 2271 1543 2311 oritur
1558 2271 1695 2310 inten-

279 2336 342 2375 tio
366 2335 476 2375 inter
500 2336 620 2376 illum
644 2340 686 2375 et
714 2335 930 2386 Phatyren
955 2346 1006 2373 ex
1034 2332 1201 2374 Iudaeis
1225 2343 1488 2380 conversum,
1516 2329 1588 2382 qui
1610 2329 1695 2369 iam

279 2395 386 2446 regis
403 2395 516 2435 filius
533 2400 624 2434 erat
640 2407 691 2434 ex
708 2394 891 2433 lavacro.
924 2392 1113 2443 Cumque
1130 2391 1195 2433 die
1213 2390 1382 2430 sabbati
1399 2389 1562 2429 Priscus
1579 2401 1696 2441 prae-

211 2458 258 2493 35
282 2454 453 2493 cinctus
465 2454 614 2503 orario,
634 2453 798 2493 nullum
816 2453 860 2492 in
878 2464 1007 2491 manu
1024 2452 1161 2490 ferens
1179 2450 1497 2498 ferramentum,
1515 2446 1696 2500 Moysai-

281 2525 350 2552 cas
368 2513 477 2565 leges
497 2513 618 2565 quasi
634 2512 899 2564 impleturus,
917 2510 1139 2550 secretiora
1156 2512 1413 2561 conpeteret,
1431 2507 1572 2547 subito
1590 2506 1697 2546 Pha-

383 2620 397 2641 1
426 2630 494 2655 an.
521 2641 558 2644 —
593 2619 607 2640 2
637 2618 823 2654 videtis.
858 2638 894 2642 —
929 2617 943 2638 ³
973 2617 1021 2652 si.
1057 2636 1094 2641 -
1129 2616 1144 2637 ‘²
1179 2614 1412 2650 thesauro.
1447 2634 1483 2638 -—
1516 2613 1530 2636 ⁵
1555 2622 1621 2648 ne.
1650 2631 1697 2637 --
1752 2614 1754 2616 ’

283 2673 297 2695 ⁶
325 2673 588 2709 observare.
