1786 3016
916 255 972 261 ..-
1005 233 1057 273 52
1079 223 1143 262 ’-

318 361 446 402 copus
478 361 571 389 eam
603 348 657 390 ad
688 348 825 391 filium
859 349 1102 402 Sygiberthi
1131 350 1297 393 tradere
1329 351 1521 407 distinat.
1553 365 1572 393 »
1606 351 1730 406 Quod
1782 356 1786 399 -ἷ

317 407 493 450 audiens
519 420 607 458 rex,
634 407 715 448 ait:
744 421 760 448 «
789 408 1084 461 Nequaquam,
1112 409 1186 452 sed
1213 410 1312 462 quia
1337 415 1525 452 remotus
1550 423 1608 463 es,
1634 411 1731 454 ideo

318 467 421 507 haec
441 467 632 520 adponis.
654 481 671 507 »
691 467 746 507 Et
765 467 853 508 ille:
874 481 890 507 «
908 468 1083 519 Maiora,
1103 468 1257 522 inquit,
1277 469 1328 511 de
1347 473 1391 510 te
1411 469 1472 510 ait
1491 469 1731 525 episcopus;
1783 489 1786 491 ·

313 525 415 567 dicit
429 526 555 577 enim,
566 526 754 578 reginam
768 531 889 568 tuam
902 527 944 568 in
961 527 1169 569 adulterio
1180 541 1276 570 cum
1291 528 1733 582 episcopoBerthram-

279 590 299 625 5
319 598 374 625 no
391 585 568 627 misceri.
587 599 604 626 »
619 585 736 626 Tunc
752 586 885 627 iratus
901 599 989 637 rex,
1007 599 1175 629 caesum
1193 588 1343 640 pugnis
1359 592 1403 628 et
1419 587 1618 640 calcibus,
1635 599 1733 629 one·

318 649 461 687 ratum
481 645 591 685 ferro
611 645 770 687 recludi
790 646 1004 699 praecepit
1024 646 1068 686 in
1087 659 1264 686 carcere.

375 704 466 745 ³⁸48.
500 704 581 746 Sed
601 703 699 756 quia
716 704 821 744 liber
838 705 968 744 finem
987 705 1191 757 postulat,
1210 718 1379 746 narrare
1397 705 1558 758 aliquid
1575 705 1628 750 de
1645 706 1734 747 eius

320 763 558 803 actionibus
578 763 703 813 libet3
742 763 816 806 sed
836 764 949 816 prius
971 764 1140 806 videtur
1157 777 1288 816 genus
1308 777 1357 804 ac
1378 765 1561 817 patriam
1579 777 1735 806 mores·

323 835 403 874 que
430 822 570 862 ordiri.
618 822 798 863 Gracina
825 823 1088 869 Pictavensis
1111 824 1248 864 insula
1274 824 1502 875 vocitatur,
1527 824 1572 864 in
1599 836 1684 877 qua
1709 836 1735 864 a

251 887 299 920 10
321 881 476 927 fiscalis
502 881 695 925 vinitoris
720 894 841 922 servo
868 882 1107 924 Leuchadio
1132 883 1301 923 nomine
1326 883 1527 924 nascitur.
1570 882 1734 924 Exinde

322 940 376 982 ad
399 941 620 980 servitium
642 941 880 991 arcessitus,
905 941 1064 981 colinae
1086 941 1223 993 regiae
1246 942 1491 994 deputatur.
1532 941 1614 985 Sed
1637 941 1737 995 quia

321 999 446 1052 lippis
468 1005 559 1040 erat
579 1000 623 1039 in
646 999 929 1042 adolescentia
951 1001 1096 1051 oculis,
1121 1001 1272 1052 quibus
1294 1001 1401 1041 fumi
1422 1001 1630 1041 acerbitas
1650 1012 1737 1042 non

322 1059 595 1111 congruebat,
612 1064 781 1099 amotus
797 1072 822 1099 a
838 1059 1009 1112 pistillo,
1026 1060 1292 1112 promovitur
1308 1059 1364 1102 ad
1378 1060 1620 1113 cophinum.
1655 1059 1738 1101 Sed

323 1117 425 1159 dum
444 1118 554 1158 inter
573 1118 841 1159 firmentatas
861 1131 1021 1158 massas
1042 1132 1083 1158 se
1105 1118 1304 1160 delectari
1323 1118 1590 1169 consimulat,
1610 1118 1738 1159 servi-

253 1183 271 1215 1
281 1181 301 1216 5
322 1177 433 1217 tium
447 1178 592 1229 fugam
606 1177 740 1218 iniens
756 1176 992 1230 dereliquit.
1024 1178 1213 1230 Cumque
1229 1177 1292 1218 bis
1308 1183 1383 1219 aut
1397 1178 1524 1219 tertio
1538 1178 1738 1220 reductus

324 1249 349 1276 a
369 1237 492 1288 fugae
514 1237 635 1289 lapsu
655 1237 791 1276 teneri
810 1249 896 1276 non
918 1237 1064 1289 possit,
1087 1237 1198 1277 auris
1219 1237 1343 1277 unius
1363 1237 1564 1278 incisione
1584 1236 1739 1278 multa-

322 1299 406 1335 tur.
443 1295 603 1336 Dehinc
621 1308 717 1337 cum
733 1300 881 1336 notam
898 1296 1107 1336 inflictam
1124 1297 1288 1349 corpori
1305 1296 1491 1337 occulere
1508 1295 1625 1337 nulla
1641 1309 1740 1338 auc-

323 1354 498 1395 toritate
517 1355 690 1404 valeret,
709 1355 764 1397 ad
781 1355 1083 1395 Marcoveifam
1099 1355 1302 1407 reginam,
1323 1367 1451 1407 quam
1468 1355 1739 1396 Charibertus

323 1426 398 1453 rex
427 1414 604 1454 nimium
634 1414 808 1466 diligens
837 1414 881 1454 in
908 1414 1000 1454 loco
1029 1415 1179 1454 sororis
1208 1419 1302 1454 toro
1331 1414 1584 1465 adsciverat,
1610 1414 1734 1466 fugit.

258 1478 309 1511 20
338 1473 454 1526 Quae
479 1473 658 1513 libenter
683 1486 780 1514 eum
805 1473 1015 1525 colligens,
1041 1479 1260 1526 provocat,
1285 1486 1573 1526 equorumque
1598 1473 1741 1513 melio-

328 1545 423 1572 rum
444 1531 625 1585 deputat
646 1545 733 1572 esse
755 1533 988 1574 custodem.
1030 1532 1137 1572 Hinc
1158 1533 1243 1572 iam
1265 1532 1456 1574 obsessus
1478 1532 1670 1573 vanitate
1691 1544 1740 1572 ac

326 1591 547 1644 superbiae
565 1591 748 1642 deditus,
767 1592 1019 1634 comitatum
1038 1592 1172 1632 ambit
1191 1591 1475 1642 stabulorum3
1496 1604 1579 1644 quo
1595 1603 1742 1644 accep-

325 1654 386 1701 to,
409 1655 585 1691 cunctos
608 1650 786 1703 despicit
810 1663 857 1690 ac
882 1651 1122 1703 postponit,
1146 1651 1322 1691 inflatur
1345 1651 1552 1700 vanitate,
1574 1649 1742 1691 luxuria

327 1709 584 1761 dissolvitur,
599 1709 833 1763 cupiditate
848 1710 1115 1751 succenditur
1129 1715 1171 1750 et
1185 1710 1228 1750 in
1242 1709 1378 1750 causis
1393 1714 1596 1762 patronae
1610 1708 1743 1753 alum-

257 1773 304 1807 25
328 1782 406 1809 nus
426 1769 618 1821 proprius
638 1769 719 1809 huc
738 1769 920 1822 illucque
940 1768 1140 1809 defertur.
1175 1769 1301 1809 Cuius
1321 1773 1417 1822 post
1436 1768 1601 1811 obitum
1618 1768 1743 1808 refer—

328 1832 398 1868 tus
416 1828 595 1881 praedis,
612 1829 752 1868 locum
769 1829 908 1881 ipsum
925 1841 1022 1868 cum
1038 1841 1132 1880 rege
1150 1828 1410 1878 CharibertO,
1429 1827 1581 1868 oblatis
1598 1839 1743 1868 mune-

328 1887 457 1937 ribus,
475 1892 616 1927 tenere
634 1888 786 1939 coepit.
822 1888 923 1927 Post
944 1888 1062 1937 haec,
1082 1887 1266 1940 peccatis
1284 1887 1429 1940 populi
1445 1886 1739 1939 ingruentibus

330 1959 468 1986 comes
487 1947 665 1987 Turonis
686 1947 942 1997 destinatur;
963 1946 1105 1998 ibique
1127 1959 1168 1986 se
1189 1946 1369 1998 amplius
1388 1946 1556 1986 honoris
1574 1945 1744 1998 gloriosi

329 2005 550 2058 supercilio
571 2006 754 2055 iactitat,
776 2005 918 2058 ibique
941 2018 982 2045 se
1004 2005 1175 2045 exhibet
1195 2018 1392 2058 rapacem
1413 2003 1592 2057 praedis,
1613 2003 1744 2056 turgi-

259 2071 306 2105 30
330 2065 432 2104 dum
453 2065 569 2115 rixis,
592 2065 810 2109 adulteriis
831 2064 1104 2105 lutulentum.
1145 2064 1228 2105 Ubi
1249 2063 1494 2106 seminando
1517 2062 1745 2105 discordias

331 2129 373 2164 et
401 2124 619 2167 inferendo
647 2124 878 2164 calumnias
907 2136 991 2163 non
1019 2123 1206 2163 modicos
1234 2123 1454 2163 thesauros
1483 2121 1742 2174 adgregavit.

333 2183 434 2223 Post
455 2183 620 2224 obitum
642 2196 741 2222 vero
762 2182 1040 2232 Chariberthi,
1062 2195 1159 2222 cum
1179 2182 1223 2222 in
1246 2181 1442 2234 Sigiberti
1462 2186 1574 2221 sorte
1594 2180 1745 2222 civitas

330 2242 402 2281 illa
417 2242 614 2292 venisset,
629 2247 875 2282 transeunte
891 2254 938 2281 eo
954 2241 1008 2281 ad
1023 2241 1316 2293 Chsspericum,
1333 2240 1474 2280 omnia
1487 2252 1592 2292 quae
1603 2239 1746 2292 inique

332 2301 636 2353 adgregaverat
655 2314 679 2340 a
697 2300 892 2343 fidelibus
911 2300 1119 2340 nominati
1136 2300 1243 2352 regis
1262 2300 1428 2352 direpta
1445 2303 1558 2339 sunt.
1595 2299 1746 2339 Perva-

261 2365 309 2400 35
333 2360 458 2402 dente
478 2360 606 2411 igitur
625 2360 857 2412 Chilperico
876 2372 968 2412 rege
988 2372 1060 2412 per
1078 2359 1435 2408 Theodobertum,
1454 2357 1591 2398 filium
1609 2369 1746 2407 suum,

333 2419 481 2459 urbem
503 2419 771 2469 Turonicam,
795 2432 892 2459 cum
915 2419 1001 2458 iam
1025 2431 1100 2470 ego
1123 2418 1315 2458 Turonus
1339 2417 1617 2467 advenissem,
1642 2416 1748 2458 mihi

333 2491 358 2518 a
376 2478 672 2519 Theodoberto
692 2483 859 2518 strenue
881 2476 1215 2526 commendatur,
1235 2481 1284 2516 ut
1303 2476 1461 2516 scilicet
1479 2475 1746 2524 comitatum,

328 2550 461 2589 *quem
483 2537 598 2589 prius
621 2537 842 2586 habuerat,
868 2536 1088 2589 potiretur.
1130 2536 1313 2575 Multum
1336 2548 1378 2574 se
1402 2535 1522 2575 nobis
1546 2534 1747 2575 humilem

334 2596 637 2648 subditumque
675 2596 895 2645 reddebat,
934 2595 1075 2635 iurans
1114 2594 1280 2647 saepius
1318 2607 1442 2646 super
1480 2593 1748 2646 sepulchrum

262 2660 308 2695 40
333 2655 469 2695 sancti
494 2655 714 2706 antistitis,
740 2667 974 2706 numquam
1001 2667 1042 2694 se
1069 2658 1217 2694 contra
1242 2653 1418 2693 rationis
1445 2652 1635 2694 ordinem
1660 2664 1747 2692 esse
