1786 3016
1504 45 1508 57 ·.
1554 34 1593 63 ,,,,

906 175 1089 216 -6-

293 305 432 333 meam
465 292 750 333 rusticitatem
785 297 972 333 vestram
1006 293 1276 346 prudentiam
1310 293 1527 336 exercebo.
1573 290 1702 346 Nam,

294 356 362 406 ut,
376 351 538 404 opinor,
556 364 689 392 unum
706 351 959 393 beneficium
977 352 1098 393 vohis
1115 353 1218 393 haec
1235 353 1406 407 scripta,
1423 352 1703 407 praebohunt,

294 410 452 451 scilicet
471 415 534 461 ut,
558 411 670 463 quod
691 423 767 451 nos
787 411 944 452 inculte
965 416 1007 452 et
1028 411 1212 452 breviter
1231 412 1329 453 stilo
1347 412 1542 466 nigrante
1561 411 1704 454 discri-

294 469 447 520 bimus,
462 482 538 510 vos
551 470 687 512 lucide
702 482 750 510 ac
765 470 982 523 splendide
997 475 1138 511 stante
1151 483 1278 513 versu
1290 470 1334 512 in
1348 471 1512 525 paginis
1526 471 1705 526 prolixio

248 535 269 569 5
291 528 408 570 ribus
429 529 646 569 dilatetis:
687 529 821 581 Igitur
841 529 884 570 in
905 529 1041 582 primo
1061 529 1201 570 libello
1221 530 1471 572 inseruimus
1490 530 1633 584 aliqua
1653 531 1704 574 de

295 587 506 628 miraculis
531 587 700 628 Domini
722 601 770 628 ac
792 593 1035 630 sanctorum
1057 589 1346 642 apostolorum
1365 590 1706 643 reliquorumque

295 651 548 700 martyrum,
576 659 682 699 quae
707 652 881 688 actenus
905 648 1137 699 latuerunt,
1165 661 1271 701 quae
1298 649 1411 689 Deus
1434 648 1489 692 ad
1513 649 1707 690 corrobo-

296 705 476 748 randam
496 707 688 748 fidelium
709 707 839 748 fidem
860 707 1014 749 cotidie
1036 708 1235 760 dignatur
1255 720 1427 760 augere;
1465 708 1564 761 quia
1582 707 1707 749 valde

296 765 523 806 molestum
546 770 650 815 erat,
674 771 723 806 ut
745 766 1013 808 traderentur
1036 766 1250 807 oblivioni.
1292 767 1341 807 In
1364 767 1547 810 secundo
1568 768 1708 821 posui-

226 830 274 864 10
297 836 390 865 mus
411 825 462 867 de
483 825 715 865 virtutibus
739 825 884 866 Sancti
911 826 932 866 J
937 826 1080 866 uliani.
1124 827 1337 879 Quattuor
1357 838 1456 866 vero
1475 825 1636 867 libellos
1656 826 1708 868 de

297 883 348 926 de
387 883 619 924 virtutibus
658 884 794 924 sancti
832 885 1016 925 Martini.
1075 884 1313 938 Septimum
1351 885 1403 926 de
1443 885 1710 938 quorundam

297 942 596 983 feliciosorum1
622 943 726 984 vita.
772 944 983 984 Octavum
1011 944 1123 984 hunc
1151 944 1392 984 scribimus⁸
1418 944 1469 985 de
1497 944 1710 985 miraculis

298 1003 601 1052 confessorum,
627 1002 846 1055 specialius
870 1003 1080 1055 legentem
1104 1007 1338 1056 poscentes,
1362 1008 1426 1054 ut,
1452 1003 1552 1056 quia
1574 1003 1710 1054 nobis,
1784 1040 1786 1042 ,

298 1066 348 1101 ut
375 1074 498 1114 saepe
525 1062 674 1101 testati
701 1075 860 1112 sumuS,
887 1075 964 1102 nec
991 1063 1094 1102 artis
1120 1063 1334 1115 ingenium
1361 1062 1609 1116 suppeditat
1633 1075 1711 1104 nec

227 1125 276 1160 15
300 1133 541 1161 sermonum
562 1121 761 1163 facundia
781 1121 916 1172 iuvat,
938 1121 1105 1163 veniam
1126 1121 1359 1162 temeritati
1377 1121 1556 1163 libenter
1574 1121 1712 1164 indul-

298 1184 411 1231 geat,
442 1193 566 1232 quem
594 1193 678 1220 non
705 1181 915 1232 jactantia
941 1181 1167 1223 mundialis
1194 1181 1338 1233 eregit,
1365 1185 1415 1222 ut
1441 1180 1612 1231 scribat,
1639 1180 1712 1223 sed

300 1238 536 1291 depraemit
562 1239 711 1292 pudor,
738 1244 787 1279 ut
814 1240 948 1290 sileat,
976 1253 1094 1280 amor
1117 1240 1330 1293 timorque
1355 1240 1510 1281 Christi
1533 1239 1712 1294 inpellit,

300 1302 350 1337 ut
374 1299 542 1339 referat.
586 1299 642 1338 Et
670 1299 868 1351 quoniam
895 1299 1077 1352 primum
1102 1299 1290 1340 libellum
1315 1299 1366 1341 de
1393 1299 1564 1340 Domini
1588 1299 1713 1340 mira-

300 1356 405 1397 culis
424 1357 636 1407 inchoavi,
656 1358 783 1399 velim
804 1363 846 1397 et
865 1358 961 1398 huic
980 1358 1120 1398 libello
1139 1359 1190 1400 de
1210 1363 1452 1399 sanctorum
1471 1358 1714 1412 angelorum

231 1422 279 1455 20
303 1415 537 1456 virtutibus
562 1417 760 1458 adhibere
786 1417 1051 1470 principium.

772 1562 823 1602 B.
848 1561 1100 1603 Erlebnisse.

459 1654 494 1693 1.
531 1652 747 1705 Reliqaien
775 1654 844 1693 des
872 1654 1012 1694 Vaters
1036 1654 1094 1704 (M
1113 1658 1197 1694 art
1208 1667 1297 1706 yre
1309 1667 1327 1694 s
1348 1654 1433 1705 83).

392 1736 502 1789 Quid
520 1748 620 1776 vero
638 1741 680 1776 et
699 1736 749 1778 de
767 1736 831 1776 his
847 1736 1047 1788 reliquiis,
1068 1749 1171 1789 quas
1190 1737 1404 1789 quondam
1419 1736 1584 1789 genitor
1599 1749 1717 1777 meus

306 1808 448 1836 secum
469 1795 635 1845 habuit,
657 1795 784 1836 fuerit
804 1801 971 1848 gestum
989 1796 1164 1837 edicam.
1186 1796 1404 1849 Tempore,
1427 1808 1510 1848 quo
1529 1795 1718 1838 Theodo-

234 1859 282 1894 25
306 1854 450 1895 bertus
470 1855 758 1895 Arvernorum
786 1855 895 1895 filios
914 1855 957 1894 in
978 1855 1220 1897 obsidatum
1239 1855 1332 1895 tolli
1351 1855 1578 1908 praecepit,
1597 1859 1719 1908 pater

304 1926 423 1954 meus
448 1927 582 1966 nuper
607 1914 776 1954 iunctus
802 1914 1009 1966 coniugio,
1036 1914 1172 1954 voluit
1197 1927 1240 1954 se
1266 1919 1509 1955 sanctorum
1533 1914 1719 1966 reliquiis

306 1973 571 2022 communiri,
594 1973 831 2025 petivitque
853 1986 878 2013 a
901 1973 1085 2026 quodam
1107 1973 1338 2023 sacerdote,
1359 1978 1408 2014 ut
1429 1973 1466 2013 ei
1487 1973 1646 2025 aliquid
1667 1972 1718 2015 de

306 2032 469 2073 hisdem
495 2032 745 2084 indulgeret,
775 2045 858 2084 quo
884 2032 1041 2072 scilicet
1067 2033 1109 2072 in
1136 2033 1251 2072 viam
1275 2032 1549 2085 longinquam
1575 2032 1720 2072 abiens

306 2091 384 2131 tali
400 2091 608 2144 praesidio
625 2096 853 2131 tutaretur.
886 2092 1004 2131 Tunc
1021 2092 1201 2132 inclusos
1219 2092 1261 2131 in
1277 2092 1422 2144 lupino
1439 2103 1566 2132 aureo
1582 2103 1721 2131 sacros

237 2155 284 2189 30
309 2150 466 2190 cineres
489 2150 599 2189 circa
623 2163 719 2190 eum
742 2151 904 2202 posuit3
944 2151 1016 2191 sed
1038 2151 1208 2203 ignarus
1231 2151 1295 2190 vir
1317 2151 1556 2191 nominum²
1576 2150 1722 2190 beato-

307 2222 415 2249 rum.
464 2210 630 2249 Referre
659 2209 770 2249 enim
798 2214 889 2249 erat
917 2210 1079 2259 solitus,
1107 2223 1148 2249 se
1177 2222 1202 2249 a
1228 2210 1383 2250 multisv
1400 2214 1502 2250 tunc
1529 2209 1722 2262 periculis

309 2273 450 2318 eruto,
482 2281 583 2308 nam
615 2273 658 2308 et
690 2269 913 2308 violentias
944 2269 1159 2309 latronum
1191 2274 1234 2308 et
1266 2269 1450 2321 pericula
1481 2268 1722 2318 fluminum,

309 2322 589 2379 inprobitates
627 2327 921 2369 seditiosorum
958 2332 1000 2367 et
1037 2328 1228 2369 adsultus
1265 2340 1442 2368 ensuum
1478 2327 1644 2380 saepius
1679 2338 1722 2367 se

310 2386 490 2426 evasisse
516 2387 667 2426 horum
691 2386 938 2436 virtutibus,
963 2387 1219 2427 testabatur.
1268 2386 1378 2440 Quid
1402 2391 1547 2426 tamen
1571 2398 1648 2438 ego
1672 2386 1722 2427 de

412 2499 426 2520 ¹
453 2499 790 2544 religiosorum.
827 2519 864 2523 —
899 2498 915 2520 2
933 2498 1156 2534 scribsimus
1175 2511 1283 2534 verm.
1304 2500 1461 2542 Bonnet,
1478 2498 1547 2534 mit
1564 2499 1726 2534 Komma

315 2563 378 2587 vor
400 2550 609 2597 septimum
635 2552 714 2588 und
737 2554 933 2588 octavum.
965 2572 1010 2576 —
1040 2552 1055 2573 ²
1082 2552 1267 2587 nomina
1292 2552 1334 2597 (s.
1355 2552 1521 2596 Bonnet,
1542 2553 1595 2587 Le
1609 2552 1724 2588 Latin

313 2605 360 2640 de
378 2605 505 2650 Greg,
523 2605 561 2641 S.
580 2607 650 2641 536
667 2614 702 2641 n.
721 2606 770 2650 5).
