1786 3016
854 231 1064 272 —28—

250 350 396 390 solitae
421 355 535 400 sunt,
559 350 813 390 racimorum
836 362 968 402 grana
993 349 1214 392 dederunt.
1254 350 1372 390 Tunc
1396 349 1440 390 in
1464 344 1663 390 circolum

249 409 380 449 lunae·
400 409 641 461 quinta<e>
665 409 777 450 stilla
801 420 852 450 ex
876 409 1053 451 adverso
1077 408 1248 449 veniens
1265 408 1459 450 introisse
1475 408 1569 449 visa
1584 413 1663 449 est.

251 468 398 518 Credo,
415 469 515 508 hocl
529 468 647 520 signa
663 473 845 509 mortem
860 467 991 521 ipsius
1006 468 1114 520 regis
1131 467 1418 508 adnuntiasse.
1453 468 1548 521 Ipse
1565 479 1666 508 vero

252 527 375 569 valde
394 527 650 578 infirmatus,
662 540 687 567 a
700 527 890 568 cinctura
909 527 1104 569 deorsum
1124 539 1166 567 se
1184 527 1369 569 iudicare
1382 539 1468 568 non
1482 531 1665 580 poterat.

213 591 234 626 5
263 586 345 639 Qui
377 587 583 639 paulatim
617 587 845 637 incedensss,
871 586 1051 639 septimo
1084 586 1199 638 regni
1233 586 1297 627 sui
1329 598 1441 627 anno
1474 590 1667 627 mortuus

253 650 331 695 est,
368 658 628 698 regnumque
665 646 753 686 eius
789 645 1109 686 Clothacharius
1145 658 1218 685 rex
1255 645 1432 698 accepit,
1468 645 1668 698 copolans

255 704 572 755 Valdetradam,
604 717 779 745 uxorem
811 705 913 755 eius,
945 704 1099 745 stratui
1130 717 1219 745 suo.
1270 704 1351 746 Sed
1382 704 1612 758 increpitus
1644 717 1669 744 a

256 763 558 814 sacerdotibus,
578 764 749 818 reliquit
769 777 876 814 eam,
898 764 1003 806 dans
1023 764 1060 803 ei
1083 763 1359 806 Garivaldum
1379 763 1543 814 ducem,
1563 763 1670 806 dire-

259 835 444 875 gensque
466 824 680 863 Arvernus
703 823 975 873 Chramnum,
997 823 1133 863 filium
1155 835 1292 863 suum.

187 944 234 977 10
294 939 340 991 b)
371 940 641 982 Chlothars
674 942 706 982 Ι.
740 941 1107 993 Sachsenkrieg
1138 941 1210 991 (H.
1228 941 1278 981 F.
1300 941 1380 992 IV,
1403 941 1487 992 14).

342 1023 477 1075 Igitur
507 1024 871 1074 Chlothacharius,
903 1029 1000 1076 post
1030 1028 1211 1064 mortem
1242 1023 1546 1074 Theodovaldi,
1575 1035 1674 1064 cum

258 1094 386 1134 regno
404 1083 605 1123 Franciae
622 1083 863 1136 suscipisset
880 1088 1010 1135 atque
1027 1095 1124 1123 eum
1141 1082 1347 1132 circuiret,
1365 1082 1532 1124 audivit
1548 1094 1574 1122 a
1589 1081 1674 1123 suis

260 1140 303 1180 in
325 1141 481 1182 iterata
503 1142 667 1182 insania
690 1142 953 1182 efferviscere
980 1141 1166 1182 Saxones
1190 1141 1352 1194 sibique
1375 1154 1463 1182 esse
1485 1140 1674 1192 rebelles,

261 1205 304 1240 et
323 1200 436 1252 quod
452 1201 629 1253 tributa,
649 1214 756 1254 quae
773 1202 893 1242 annis
911 1201 1083 1253 singulis
1100 1206 1408 1242 consueverant
1423 1200 1675 1251 ministrare,

191 1263 239 1298 15
262 1264 582 1302 contemnerent
605 1261 792 1304 reddere.
836 1259 911 1300 His
934 1260 1137 1301 incitatus
1161 1259 1314 1311 verbis,
1338 1260 1394 1302 ad
1416 1272 1487 1310 eos
1510 1259 1675 1312 diregit.

263 1318 453 1371 Cumque
472 1319 557 1359 iam
578 1332 707 1373 prope
727 1320 957 1361 terminum
976 1319 1143 1367 illorum
1163 1324 1287 1370 esset,
1310 1319 1496 1360 Saxones
1515 1318 1677 1371 legatos

262 1377 318 1419 ad
341 1390 437 1418 eum
459 1378 655 1430 mittunt,
678 1378 886 1421 dicentes:v
910 1392 927 1419 <‹
949 1379 1044 1419 Non
1066 1379 1178 1419 enim
1200 1391 1344 1419 sumus
1365 1383 1678 1431 contemptores

263 1436 342 1486 tui,
367 1442 410 1477 et
433 1450 483 1478 ea
508 1451 614 1490 quae
639 1438 841 1478 fratribus
866 1451 914 1478 ac
938 1438 1164 1491 nepotibus
1187 1438 1360 1480 reddere
1384 1437 1679 1478 consuevimus

264 1507 350 1535 non
385 1509 602 1548 negamus,
640 1502 684 1538 et
721 1498 880 1538 maiora
918 1498 1071 1548 adhuc,
1103 1497 1137 1536 si
1175 1496 1414 1550 quaesieris,
1450 1495 1684 1539 reddimus:

195 1560 242 1593 20
266 1553 411 1596 Unum
433 1561 606 1598 tantum
630 1557 910 1609 exposcimus,
934 1561 983 1597 ut
1008 1557 1062 1596 sit
1085 1569 1184 1609 pax,
1208 1569 1260 1596 ne
1282 1561 1383 1597 tuus
1406 1555 1615 1596 exercitus
1637 1559 1682 1595 et

266 1618 410 1654 noster
440 1616 621 1668 populus
651 1617 903 1658 conlidatur.
936 1629 952 1656 »
984 1615 1098 1656 Haec
1128 1615 1303 1657 audiens
1333 1614 1682 1656 Chlothacharius

265 1685 354 1723 reX,
378 1673 440 1714 ait
463 1674 567 1715 suis:
594 1688 610 1714 «
635 1675 746 1715 Bene
770 1675 967 1715 locuntur
991 1675 1050 1714 hii
1073 1675 1277 1715 homines.
1319 1674 1414 1715 Non
1437 1674 1681 1715 incedamus

268 1744 392 1784 super
420 1745 504 1783 eos,
531 1747 584 1774 ne
612 1735 719 1774 forte
748 1747 968 1787 peccemus
995 1734 1038 1774 in
1067 1734 1218 1775 Deum.
1247 1747 1264 1774 »
1289 1734 1349 1774 At
1374 1733 1435 1773 illi
1462 1733 1681 1774 dixerunt:

270 1803 286 1830 «
308 1791 470 1832 Scimus
490 1793 602 1832 enim
622 1806 692 1833 eos
712 1806 799 1833 esse
819 1793 1043 1835 mendaces
1062 1806 1138 1834 nec
1159 1793 1330 1833 omnino
1351 1792 1465 1845 quod
1484 1791 1684 1846 promise-

198 1854 246 1888 25
267 1847 370 1890 runt
388 1851 649 1904 impleturos.
687 1853 844 1893 Eamus
864 1866 988 1905 super
1007 1865 1091 1893 eos.
1112 1866 1129 1892 »
1150 1853 1333 1893 Rursum
1355 1852 1542 1894 Saxones
1561 1850 1684 1892 obtu-

268 1908 409 1950 lerunt
425 1910 698 1952 medietatem
716 1912 933 1952 facultatis
951 1924 1064 1962 suae,
1083 1924 1230 1964 pacem
1248 1916 1454 1964 petentes.
1490 1911 1547 1952 Et
1563 1910 1684 1952 Chlo-

269 1967 433 2009 tharius
451 1970 512 2010 ait
531 1971 635 2010 suis:
657 1984 673 2010 «
692 1971 905 2021 Desistite,
928 1983 1096 2023 quaeso,
1116 1970 1171 2010 ab
1189 1970 1254 2010 his
1273 1970 1528 2020 hominibus,
1546 1982 1598 2010 ne
1618 1982 1685 2010 su-

271 2039 345 2079 per
358 2040 434 2068 nos
451 2029 527 2069 Dei
541 2029 602 2070 ira
616 2030 864 2070 concitetur.
881 2044 898 2070 »
918 2029 1040 2083 Quod
1054 2029 1114 2070 illi
1126 2035 1212 2070 non
1226 2029 1550 2082 adquieverunt.
1581 2030 1686 2069 Rur-

273 2098 365 2126 sum
384 2087 570 2128 Saxones
586 2089 832 2130 obtulerunt
846 2090 1116 2139 vestimenta,
1132 2101 1310 2142 paecora
1324 2089 1390 2128 vel
1406 2088 1521 2128 omni
1535 2099 1686 2141 corpus

202 2149 250 2184 30
272 2145 490 2187 facultatis
512 2161 624 2198 suae,
646 2147 854 2188 dicentes:
876 2162 892 2188 «
914 2148 1028 2188 Haec
1050 2148 1191 2188 omnia
1210 2148 1347 2188 tollite
1368 2160 1465 2188 cum
1485 2146 1688 2188 medieta-

273 2208 362 2244 tem
382 2210 518 2246 terrae
539 2212 722 2258 nostrae,
744 2212 916 2247 tantum
937 2208 1079 2248 uxoris
1101 2211 1143 2247 et
1164 2206 1360 2261 parvolos
1380 2211 1546 2247 nostros
1565 2206 1688 2246 relin-

276 2263 391 2315 quite
413 2264 580 2316 liberos,
603 2271 646 2306 et
669 2266 825 2306 bellum
847 2266 956 2306 inter
978 2279 1054 2306 nos
1076 2278 1162 2306 non
1183 2266 1476 2309 conmittatur.
1501 2279 1518 2306 »
1538 2264 1688 2306 Franci

274 2327 420 2364 autem
442 2338 519 2364 nec
542 2325 620 2365 hoc
644 2325 912 2378 adquiescere
936 2326 1176 2366 voluerunt.
1223 2324 1385 2378 Quibus
1407 2325 1468 2365 ait
1490 2324 1690 2365 Chlotha-

275 2381 441 2423 charius
464 2397 558 2424 rex:
584 2398 600 2424 «
626 2385 825 2424 Desistite
853 2397 1022 2437 quaeso,
1047 2384 1235 2426 desistite
1259 2383 1314 2424 ab
1337 2383 1416 2424 hac
1440 2383 1689 2424 intentione.

207 2444 254 2479 35
278 2439 464 2482 Verbum
486 2443 598 2483 enim
621 2443 828 2485 derictum
851 2456 935 2483 non
959 2443 1184 2493 habemus,
1207 2443 1337 2483 nolite
1360 2443 1415 2484 ad
1438 2442 1595 2484 bellum
1616 2442 1689 2492 ire,

277 2499 320 2539 in
349 2512 432 2552 quo
459 2501 774 2555 disperdamini.
815 2503 975 2542 Tamen
1002 2503 1036 2542 si
1062 2503 1176 2542 abire
1203 2502 1430 2543 volueretis
1457 2506 1691 2554 spontanea

278 2558 514 2612 voluntate,
543 2574 619 2614 ego
645 2574 730 2602 non
758 2574 922 2614 sequar.
953 2575 969 2601 »
993 2562 1112 2601 Tunc
1138 2561 1199 2601 illi
1225 2562 1286 2601 ira
1313 2561 1518 2602 commuti
1545 2565 1691 2601 contra

381 2667 395 2688 1
416 2666 509 2703 hec.
538 2687 574 2692 -
603 2666 618 2688 ²
639 2666 884 2703 decedens.
