1786 3016
0 1267 22 1375 ξ

0 1520 26 1591 s

0 1511 15 1532 ‚2

0 1533 5 1544 ι

10 1594 14 1604 l

0 1650 3 1658 ι

0 1715 14 1953 ξ

0 2180 17 2438 ὲ

725 216 944 258 -35-

111 327 226 404 Μ
235 327 397 382 81161108
417 349 497 380 1160
520 336 681 378 fecistis
703 341 871 377 rectum
894 340 994 376 ante
1019 338 1298 388 conspectum
1321 333 1425 384 eius,
1449 332 1546 376 ideo

70 386 263 453 ΖΜ»,
271 409 350 440 vos
357 395 564 442 dominus
582 397 697 438 Deus
712 401 854 437 vester
869 395 914 436 in
929 407 1083 437 manus
1098 393 1369 437 inimicorum
1383 398 1547 434 vestro-

55 454 238 505 ‘m’
256 456 452 501 psalterii
465 461 613 498 autem
626 469 773 497 versus
787 455 856 496 1110
869 459 935 495 651,
949 454 1171 495 inventus:
1187 452 1360 494 ‘Verum
1374 457 1549 506 propter

41 555 61 571 .,,
87 516 389 562 ’·’-;ᾱο1οι11,31,6111
403 516 584 570 posuisti
597 515 657 556 eis
671 516 806 566 mala3
822 514 1012 555 deiecisti
1027 526 1112 564 eos,
1128 512 1232 558 dum
1247 512 1547 553 allevarentur.

33 589 61 619 ,·
110 575 346 633 Quomodo
371 576 478 618 facti
505 580 606 617 sunt
632 576 678 616 in
705 574 1002 618 desolatione?
1048 546 1200 614 Subito
1228 571 1476 615 defecerunt
1503 575 1546 612 et
1568 575 1590 612 5

92 637 333 693 ‘perierunt
368 641 543 690 propter
578 635 830 688 iniquitates
867 646 978 676 suas.
983 632 994 652 ’
1035 634 1086 674 In
1123 631 1366 685 Euangeliis
1403 636 1550 673 autem

25 692 63 753 ,ζιζ-
109 697 196 738 hoc
215 701 454 751 repertum:
479 694 649 737 ‘Sciatis
673 695 774 748 quia
796 699 894 748 post
916 693 1096 736 biduum
1118 692 1277 747 pascha
1299 692 1393 742 siet,
1416 696 1460 731 et
1483 691 1550 731 Fi-

95 753 197 806 'lius
224 755 409 799 hominis
437 755 641 805 traditur,
671 759 722 795 ut
751 754 1057 807 crucifigatur'
1106 753 1157 793 In
1186 752 1250 792 his
1279 750 1551 805 responsibus

13 818 55 867 jul>
114 810 184 858 ille
201 816 420 867 confusus,
438 814 546 856 flens
565 814 802 859 diutissime
822 814 878 856 ad
895 813 1167 867 sepulchrum
1185 811 1302 853 beati
1319 810 1551 860 antestitis,

7 876 38 901 ·¹'
115 874 349 930 adsumpto
379 887 523 917 secum
558 875 933 916 Guntchramnum
964 873 1132 924 ducem,
1164 884 1262 913 cum
1295 871 1550 925 quingentos
1574 875 1623 909 10

116 941 195 978 aut
224 947 276 977 eo
305 934 488 989 amplius
519 934 621 975 viris
652 934 860 977 discessit.
910 934 1113 986 Egressus
1144 937 1292 973 autern
1330 930 1552 971 basilicam

117 998 328 1046 sanctam,
347 1007 446 1038 cum
465 994 547 1035 iter
567 999 711 1048 ageret
731 1006 806 1047 per
825 992 1250 1035 Authisiodorensem
1270 990 1552 1040 territurium,

117 1055 174 1098 ab
214 1053 413 1109 Herpone
451 1054 551 1098 duci
593 1053 907 1096 Guntchramni
944 1052 1053 1105 regis
1092 1051 1435 1105 conpraehensus
1473 1054 1552 1090 est.

119 1115 311 1168 Cumque
328 1114 384 1155 ab
402 1127 452 1155 eo
470 1113 756 1164 deteneretur‚
775 1126 876 1154 casu
894 1113 1036 1153 nescio
1056 1124 1140 1165 quo
1158 1111 1362 1164 dilapsus,
1380 1109 1554 1150 basilica

119 1175 258 1216 sancti
283 1174 486 1216 Germani
506 1174 719 1227 ingressus
742 1179 821 1214 est.
860 1173 1050 1215 Audiens
1073 1173 1178 1212 haec
1204 1170 1554 1213 Guntchramnus
1577 1172 1625 1208 15

119 1247 209 1287 rex,
229 1235 275 1276 in
294 1234 358 1275 ira
378 1239 634 1285 commotus,
659 1233 904 1286 Herponem
925 1232 1051 1273 LXX
1073 1231 1210 1272 aureis
1233 1231 1412 1275 damnat
1434 1234 1478 1270 et
1499 1229 1554 1269 ab

119 1294 279 1336 honore
309 1298 518 1345 removet,
549 1293 715 1334 dicens:
748 1306 765 1332 «
799 1292 1054 1343 Retenuisti,
1084 1297 1134 1332 ut
1165 1291 1227 1331 ait
1256 1291 1389 1331 frater
1419 1301 1554 1339 meus,

121 1353 343 1398 inimicum
366 1366 507 1395 suum.
555 1353 679 1407 Quod
704 1353 738 1393 si
762 1352 841 1393 hoc
865 1353 1003 1392 facere
1028 1350 1263 1404 cogitabas,
1287 1350 1343 1392 ad
1366 1362 1433 1390 me
1458 1361 1556 1390 eum

122 1413 311 1457 debuisti
337 1413 453 1467 prius
481 1413 712 1463 adducere,
741 1412 806 1453 sin
834 1417 995 1463 autem,
1024 1424 1101 1452 nec
1128 1416 1304 1462 tangere
1333 1409 1555 1459 debueras,

124 1486 252 1532 quem
267 1478 412 1515 tenere
431 1472 782 1514 dissimulabas.»
799 1472 1023 1513 Exercitus
1042 1476 1188 1513 autem
1207 1469 1430 1523 Chilperici
1447 1468 1556 1521 regis
1579 1473 1628 1507 20

122 1546 257 1588 usque
285 1533 478 1576 Toronus
507 1533 725 1583 accedens,
754 1532 969 1585 regionem
999 1531 1116 1572 illam
1144 1531 1188 1571 in
1217 1529 1376 1584 praeda
1403 1529 1557 1580 mittit,

123 1591 344 1635 succendit
372 1597 504 1656 atque
533 1598 694 1643 vastat,
723 1605 800 1633 nec
827 1592 954 1632 rebus
983 1591 1121 1632 sancti
1149 1590 1324 1631 Martini
1344 1589 1557 1643 pepercit,

124 1653 198 1697 sed
223 1653 338 1707 quod
359 1666 537 1694 manum
558 1653 719 1705 tetigit,
742 1652 831 1692 sine
854 1652 940 1692 ullo
966 1652 1044 1692 Dei
1065 1652 1237 1692 intuetu
1260 1654 1336 1690 aut
1357 1649 1558 1690 timorem

125 1713 325 1767 deripuit.
361 1712 638 1753 Merovechus
659 1725 789 1766 prope
810 1712 917 1756 duos
937 1725 1102 1752 menses
1123 1710 1179 1754 ad
1199 1709 1465 1752 antedictam
1483 1708 1559 1750 ba-

125 1772 288 1815 silicam
314 1772 526 1823 resedens,
554 1773 703 1825 fugam
731 1772 828 1812 iniit
857 1777 900 1813 et
929 1771 983 1812 ad
1015 1770 1342 1812 Brunechildem
1369 1769 1559 1822 reginam
1582 1772 1630 1807 25

88 1835 109 1862 ⁸
125 1845 261 1887 usque
287 1832 504 1886 pervenit3
529 1832 603 1873 sed
629 1832 685 1874 ab
710 1832 943 1873 Austrasiis
969 1844 1055 1872 non
1081 1836 1147 1871 est
1173 1830 1389 1870 collectus.
1434 1829 1560 1869 Pater

126 1905 228 1934 vero
253 1893 343 1934 eius
369 1893 604 1934 exercitum
630 1897 781 1932 contra
807 1891 1112 1944 Campanensis
1138 1891 1290 1940 movit,
1317 1894 1360 1930 et
1377 1894 1560 1947 putans,

125 1965 227 1995 eum
243 1951 405 1995 ibidem
426 1952 655 1993 occultare.
696 1951 778 1996 Sed
798 1952 902 1992 nihil
923 1951 1071 1992 nocuit
1090 1963 1168 1991 nec
1188 1963 1285 1991 eum
1306 1949 1450 2003 potuit
1468 1962 1562 2002 rep-

128 2025 278 2068 perire.

210 2073 262 2124 V,
285 2071 349 2113 18.
382 2071 484 2113 Post
506 2071 610 2112 haec
633 2071 810 2121 <sonuit
822 2074 858 2121 >,
883 2071 997 2124 quod
1011 2070 1287 2111 Merovechus
1309 2069 1466 2110 iterum
1487 2068 1562 2109 ba·
1585 2073 1633 2108 30

129 2131 247 2174 silica
277 2131 416 2173 sancti
447 2131 623 2172 Martini
653 2136 880 2172 conaretur
911 2135 1123 2185 expetere.
1171 2129 1430 2183 Chilpericus
1461 2140 1563 2168 vero

130 2190 350 2234 basilicam
382 2191 596 2234 custodire
629 2191 764 2242 iubet,
799 2204 943 2231 omnes
977 2190 1119 2232 claudi
1151 2190 1305 2230 aditos.
1355 2188 1563 2230 Custodes

131 2257 278 2293 autem
302 2264 438 2293 unum
465 2251 638 2302 ostium,
665 2265 740 2305 per
768 2251 881 2304 quod
907 2251 1101 2304 (pauci)
1126 2250 1264 2291 clerici
1290 2249 1345 2289 ad
1372 2248 1564 2289 officium

130 2311 465 2365 ingrederentur,
493 2311 796 2364 relinquentes,
824 2311 988 2364 reliqua
1017 2315 1136 2352 ostea
1164 2310 1307 2350 clausa
1333 2308 1563 2359 tenebant3

134 2371 249 2425 quod
273 2383 360 2412 non
384 2371 472 2412 sine
497 2371 642 2414 taedio
668 2371 850 2425 populus
875 2372 973 2412 fuit.
1014 2371 1131 2412 Cums
1145 2375 1292 2411 autem
1316 2374 1423 2422 aput
1450 2368 1564 2408 Pari·
1587 2372 1635 2407 35

111 2431 221 2472 sius
247 2443 524 2482 moraremur;
552 2431 672 2484 signa
699 2436 992 2484 apparuerunt
1019 2431 1063 2471 in
1091 2430 1220 2480 caelo,
1249 2429 1293 2474 id
1320 2434 1385 2469 est
1412 2428 1565 2481 viginti

132 2490 254 2532 radia
270 2503 296 2532 a
314 2495 436 2545 parte
454 2491 680 2544 aquilonis,
702 2491 774 2544 qui
792 2490 848 2532 ab
867 2491 1027 2531 oriente
1046 2495 1281 2542 surgentes,
1300 2489 1355 2531 ad
1375 2488 1566 2532 occiden-

132 2555 224 2592 tem
247 2550 556 2605 properabant;
580 2564 632 2591 ex
659 2551 813 2604 quibus
838 2565 947 2591 unus
973 2550 1175 2604 prolixior
1198 2555 1242 2590 et
1266 2549 1374 2590 alius
1398 2561 1566 2601 supere-

134 2610 314 2662 minens,
330 2616 381 2652 ut
397 2611 522 2652 estin
537 2610 716 2652 sublime
733 2611 940 2661 elevatus,
958 2623 1057 2650 mox
1075 2610 1250 2660 defecit3
1282 2615 1326 2650 et
1343 2609 1400 2649 sic
1416 2607 1566 2660 reliqui

137 2670 210 2725 qui
235 2670 370 2712 secuti
394 2671 566 2712 fuerant
591 2676 873 2712 evanuerunt.
916 2670 1051 2712 Credo
1076 2669 1301 2711 interitum
1327 2667 1567 2709 Merovechi
1591 2671 1637 2705 40

1422 2759 1456 2788 3*
