1786 3016
888 245 1101 286 ...24-

282 374 412 416 copus
432 367 536 403 erat.
573 362 692 403 Tunc
712 375 764 403 ex
785 363 900 404 iussu
920 363 1028 415 regis
1048 363 1220 405 traditis
1240 363 1278 404 ei
1297 363 1458 405 clericis·
1475 369 1519 406 et
1539 364 1696 416 omnia,

285 432 391 475 quae
408 422 452 461 hi
468 422 519 464 de
535 421 660 462 rebus
678 422 873 462 ecclesiae
891 421 1186 473 exhibuerant,
1204 423 1492 476 ordinatisque
1511 423 1584 477 qui
1599 436 1697 465 cum
1753 428 1756 430 ’

283 481 430 522 eodem
464 493 632 534 pergere
667 481 870 523 deberent
904 481 1110 534 episcopis
1143 486 1187 522 et
1221 483 1472 539 camerariis,
1506 483 1697 524 Arverno

283 552 380 580 eum
401 540 658 582 direxerunt.
703 541 784 594 Qui
804 553 829 580 a
848 540 1006 581 clericis
1036 545 1079 580 et
1099 540 1262 581 civibus
1281 541 1460 582 libenter
1479 546 1697 595 exceptus,

243 605 263 639 5
287 599 506 652 episcopus
526 599 726 639 Arvernis
747 604 811 639 est
832 600 971 640 datus.
998 600 1178 642 Grandis
1199 605 1347 652 postea
1366 600 1476 641 inter
1495 601 1635 654 ipsum
1654 606 1698 642 et

284 658 489 699 Catonem
506 658 786 711 presbiterum
803 658 1047 700 inimicitiae
1066 663 1182 699 ortae
1202 664 1315 709 sunt,
1336 659 1435 712 quia
1451 660 1590 702 nullus
1606 673 1699 702 um-

287 730 414 770 quam
429 718 571 770 potuit
584 718 753 758 flectere
769 718 987 768 Catonem,
1002 723 1052 758 ut
1065 718 1260 771 episcopo
1275 731 1351 758 suo
1365 718 1560 761 subditus
1574 724 1696 760 esset.

288 776 397 817 Nam
425 777 576 819 divisio
603 777 848 817 clericorum
875 777 991 817 facta
1019 782 1097 827 est,
1126 782 1169 817 et
1197 778 1267 817 alii
1295 777 1475 818 Cautino
1503 778 1699 832 episcopo

285 840 407 876 erant
427 836 601 886 subditi,
622 835 693 875 alii
712 836 863 876 Catoni
883 836 1134 888 presbitero,
1157 837 1270 888 quod
1288 837 1345 876 eis
1364 837 1447 877 fuit
1465 837 1699 878 maximum

216 901 263 934 10
287 895 603 938 detrimentum.
641 895 845 936 Cautinus
866 900 1010 935 autem
1031 896 1251 948 episcopus
1282 896 1430 938 videns
1459 908 1557 936 eum
1584 895 1700 937 nulla

285 954 448 994 ratione
465 966 585 1007 posse
601 955 731 1004 flecti,
746 960 795 995 ut
812 954 890 994 sibi
905 960 1015 994 esset
1030 954 1239 1004 subditus,
1253 959 1344 995 tam
1359 955 1397 995 ei
1413 967 1540 1007 quam
1555 955 1700 996 amicis

287 1014 375 1054 eius
407 1013 474 1053 vel
509 1013 763 1066 quicumque
796 1014 833 1053 ei
865 1013 1201 1064 consentiebant,
1234 1026 1378 1054 omnes
1408 1027 1473 1054 res
1504 1014 1700 1064 ecclesiae

287 1072 465 1113 abstulit
480 1073 738 1126 reliquitque.
752 1085 821 1112 eos
838 1073 983 1112 inanes
1000 1086 1048 1113 ac
1065 1085 1235 1114 vacuos.
1276 1073 1539 1126 Quicumque
1555 1078 1701 1114 tamen

287 1144 339 1172 ex
366 1132 467 1185 ipsis
495 1132 549 1174 ad
577 1134 674 1172 eum
702 1132 1076 1182 convertebantur,
1104 1132 1259 1172 iterum
1290 1132 1401 1184 quod
1430 1131 1701 1185 perdiderant

219 1196 265 1230 15
287 1191 562 1244 recipiebant.

463 1296 532 1348 *b)
570 1297 881 1337 Bischofsfe
899 1296 1037 1337 hden
1063 1297 1140 1350 (H.
1157 1298 1205 1338 F.
1231 1297 1278 1348 V,
1301 1297 1365 1349 5).

372 1374 434 1414 Eo
465 1379 654 1427 tempore
686 1374 802 1413 Felix
837 1374 1117 1414 Namneticae·
1139 1373 1255 1414 urbis
1286 1374 1506 1427 episcopus
1537 1373 1700 1414 litteras

289 1433 393 1473 mihi
410 1433 576 1486 scripsit
595 1433 739 1486 plenas
757 1433 1006 1485 obprobriis,
1024 1433 1206 1473 scribens
1223 1433 1352 1473 etiam
1369 1433 1544 1474 fratrem
1560 1445 1701 1474 meum

290 1492 344 1532 ob
373 1492 452 1532 hoc
479 1492 764 1542 interfectum,
793 1504 841 1531 eo
872 1492 984 1544 quod
1012 1492 1100 1547 ipse
1129 1492 1307 1544 cupidus
1334 1492 1568 1546 episcopati
1595 1492 1702 1545 epi—s-

220 1557 268 1591 20
291 1563 444 1604 copum
467 1551 758 1591 interfecisset.
801 1551 882 1592 Sed
905 1556 955 1591 ut
976 1551 1079 1591 haec
1103 1551 1315 1601 scriberet,
1339 1551 1484 1591 villam
1506 1551 1702 1591 ecclesiae

291 1609 548 1663 concupivit.
594 1611 732 1664 Quam
753 1623 849 1651 cum
870 1610 970 1651 dare
991 1610 1159 1660 nollem,
1181 1610 1342 1650 evomit
1362 1610 1405 1650 in
1426 1623 1507 1661 me,
1529 1615 1578 1651 ut
1599 1610 1701 1660 dixi,

291 1670 438 1722 plenus
462 1671 599 1710 furore
624 1669 848 1722 obprobria
872 1669 997 1710 mille.
1038 1669 1113 1710 Cui
1135 1669 1364 1722 aliquando
1387 1682 1462 1722 ego
1484 1669 1701 1722 respondi:

294 1742 310 1768 «
327 1729 541 1769 Memento
561 1729 664 1770 dicti
683 1728 938 1781 prophetici:
960 1728 1059 1769 ‘Vae
1079 1729 1143 1768 his
1165 1729 1235 1781 qui
1255 1729 1436 1781 iungunt
1455 1728 1630 1770 domum
1648 1728 1703 1770 ad

291 1787 465 1828 domum
484 1793 527 1828 et
545 1801 691 1840 agrum
711 1788 764 1830 ad
783 1800 930 1839 agrum
949 1787 1169 1840 copulant!
1191 1787 1391 1842 Nunquid
1405 1787 1481 1828 soli
1493 1787 1703 1828 inhabita·

222 1853 270 1887 25
293 1846 402 1888 bunt
418 1853 575 1888 terram
592 1848 622 1887 P'
657 1848 693 1888 Ο
711 1847 745 1886 si
762 1852 804 1887 te
822 1846 1040 1887 habuisset
1057 1847 1241 1886 Massilia
1259 1847 1538 1889 sacerdotem!
1574 1847 1704 1887 Num-

295 1919 422 1959 quam
443 1919 573 1946 naves
595 1906 733 1946 oleum
755 1911 830 1946 aut
851 1906 1032 1958 reliquas
1054 1906 1210 1958 species
1232 1906 1494 1955 detulissent,
1512 1905 1595 1946 nisi
1615 1918 1703 1946 car·

292 1970 385 2005 tam
420 1970 605 2015 tantum,
645 1977 727 2017 quo
764 1965 966 2007 maiorem
1003 1965 1369 2017 opportunitatem
1406 1964 1613 2005 scribendi
1649 1964 1701 2004 ad

294 2024 427 2064 bonos
463 2025 732 2066 infamandos
769 2024 957 2064 haberes.
1014 2023 1094 2065 Sed
1132 2029 1360 2077 paupertas
1396 2029 1537 2064 cartae
1574 2023 1703 2063 finem

294 2083 461 2136 inponit
485 2083 747 2123 verbositati.
774 2096 790 2123 »
815 2083 1032 2123 Inmensae
1056 2083 1168 2123 enim
1191 2088 1283 2123 erat
1305 2082 1551 2136 cupiditatis
1574 2087 1703 2135 atque

224 2149 272 2183 30
295 2142 537 2182 iactantiae.
576 2142 654 2183 Sed
673 2155 749 2194 ego
766 2142 1137 2195 ista-postponens,
1156 2155 1207 2182 ne
1224 2142 1283 2181 illi
1301 2142 1444 2182 similis
1462 2154 1703 2194 appaream,

295 2201 398 2247 illud
421 2201 655 2254 explicabo,
680 2202 859 2254 qualiter
880 2214 1103 2254 germanus
1125 2214 1242 2241 meus
1265 2201 1319 2241 ab
1341 2201 1419 2240 hac
1440 2201 1531 2241 luce
1553 2200 1703 2253 migra-

295 2260 418 2311 verit,
435 2266 478 2300 et
496 2273 623 2313 quam
640 2261 826 2300 velocem
842 2260 885 2300 in
903 2273 1187 2313 percussorem
1203 2260 1291 2300 eius
1309 2260 1514 2300 Dominus
1530 2259 1704 2312 praesti·

295 2319 396 2360 terit
422 2319 640 2360 ultionem.
685 2320 1014 2360 Consenescente
1041 2322 1253 2367 <autem>
1280 2318 1406 2359 beato
1432 2318 1613 2369 Tetrico,
1640 2332 1704 2359 ec-

297 2378 444 2419 clesiae
467 2379 718 2430 Lingonicae
740 2379 970 2428 sacerdote,
993 2391 1089 2418 cum
1111 2377 1344 2430 Lampadio
1365 2378 1556 2428 diacono,
1580 2390 1704 2430 quem

227 2443 274 2478 35
297 2437 546 2479 creditorem
561 2437 726 2487 habuit,
744 2437 949 2487 deicisset,
966 2442 1009 2477 et
1025 2438 1154 2477 frater
1170 2449 1300 2486 meus,
1318 2437 1419 2479 dum
1435 2437 1703 2490 pauperibus,

298 2509 402 2550 quos
428 2497 495 2536 ille
521 2497 629 2536 male
655 2497 957 2549 expoliaverat,
985 2497 1191 2549 opitulare
1217 2496 1403 2548 cupiens,
1428 2496 1705 2536 consensisset

297 2556 341 2596 in
357 2556 444 2596 eius
460 2556 811 2605 humiliationem,
829 2556 972 2595 odium
988 2568 1039 2595 ex
1056 2555 1134 2595 hoc
1150 2555 1338 2595 incurrit.
1372 2555 1538 2595 Interea
1554 2554 1704 2594 beatus
1756 2552 1758 2554 “

297 2615 487 2655 Tetricus
505 2628 529 2655 a
549 2615 749 2667 sanguine
767 2615 993 2655 sauciatur.
1029 2614 1104 2655 Cui
1122 2627 1218 2654 cum
1235 2614 1351 2654 nulla
1368 2613 1625 2671 medicorum
1643 2614 1704 2652 fo-

298 2679 442 2714 menta
463 2675 666 2724 valerent,
687 2673 931 2714 conturbati
952 2673 1088 2713 clerici
1109 2678 1152 2713 et
1173 2686 1197 2713 a
1219 2678 1385 2726 pastore
1407 2677 1557 2725 utpote
1579 2672 1704 2713 desti-
