<?xml version="1.0" encoding="UTF-8"?>
<!DOCTYPE html PUBLIC "-//W3C//DTD XHTML 1.0 Transitional//EN"
    "http://www.w3.org/TR/xhtml1/DTD/xhtml1-transitional.dtd">
<html xmlns="http://www.w3.org/1999/xhtml" xml:lang="en" lang="en">
 <head>
  <title>
</title>
<meta http-equiv="Content-Type" content="text/html;charset=utf-8" />
  <meta name='ocr-system' content='tesseract 3.04.00' />
  <meta name='ocr-capabilities' content='ocr_page ocr_carea ocr_par ocr_line ocrx_word'/>
</head>
<body>
  <div class='ocr_page' id='page_1' title='image "auswahlausdenwer00greguoft_0038.png"; bbox 0 0 1786 3016; ppageno 0'>
   <div class='ocr_carea' id='block_1_1' title="bbox 1548 0 1786 152">
    <p class='ocr_par' dir='ltr' id='par_1_1' title="bbox 1543 0 1786 152">
     <span class='ocr_line' id='line_1_1' title="bbox 1548 0 1786 152; baseline 0 -126"><span class='ocrx_word' id='word_1_1' title='bbox 1548 0 1786 152; x_wconf 41' lang='lat' dir='ltr'><strong>&amp;ww-u!</strong></span> 
     </span>
     <span class='ocr_line' id='line_1_2' title="bbox 1618 34 1767 71; baseline 0.009 -3.33"><span class='ocrx_word' id='word_1_2' title='bbox 1618 43 1652 71; x_wconf 44' lang='grc' dir='ltr'><strong>»ξι</strong></span> <span class='ocrx_word' id='word_1_3' title='bbox 1690 34 1724 58; x_wconf 46' lang='grc' dir='ltr'><strong>’Ὗ</strong></span> <span class='ocrx_word' id='word_1_4' title='bbox 1754 65 1767 69; x_wconf 70' lang='grc'><strong>,,</strong></span> 
     </span>
     <span class='ocr_line' id='line_1_3' title="bbox 1582 87 1648 116; baseline 0.015 -18"><span class='ocrx_word' id='word_1_5' title='bbox 1582 92 1600 116; x_wconf 44' lang='lat' dir='ltr'><strong>⁴ss</strong></span> <span class='ocrx_word' id='word_1_6' title='bbox 1627 87 1648 102; x_wconf 61' lang='grc' dir='ltr'><strong>γ’.</strong></span> 
     </span>
    </p>
   </div>
   <div class='ocr_carea' id='block_1_2' title="bbox 832 211 1098 274">
    <p class='ocr_par' dir='ltr' id='par_1_2' title="bbox 832 211 1098 274">
     <span class='ocr_line' id='line_1_4' title="bbox 832 211 1098 274; baseline 0.015 -3"><span class='ocrx_word' id='word_1_7' title='bbox 832 211 1098 274; x_wconf 70' lang='grc'>’-26-</span> 
     </span>
    </p>
   </div>
   <div class='ocr_carea' id='block_1_3' title="bbox 278 349 1694 404">
    <p class='ocr_par' dir='ltr' id='par_1_3' title="bbox 278 349 1694 404">
     <span class='ocr_line' id='line_1_5' title="bbox 278 349 1694 404; baseline 0.003 -15"><span class='ocrx_word' id='word_1_8' title='bbox 278 354 475 390; x_wconf 88' lang='lat' dir='ltr'><strong>sanctum</strong></span> <span class='ocrx_word' id='word_1_9' title='bbox 499 349 760 402; x_wconf 87' lang='lat' dir='ltr'><strong>Gregorium‚</strong></span> <span class='ocrx_word' id='word_1_10' title='bbox 782 363 988 403; x_wconf 90' lang='lat' dir='ltr'><strong>proavum</strong></span> <span class='ocrx_word' id='word_1_11' title='bbox 1008 355 1216 402; x_wconf 90' lang='lat' dir='ltr'><strong>nostrum,</strong></span> <span class='ocrx_word' id='word_1_12' title='bbox 1236 351 1449 404; x_wconf 75' lang='lat' dir='ltr'>sepelitur.</span> <span class='ocrx_word' id='word_1_13' title='bbox 1488 351 1574 393; x_wconf 85' lang='lat' dir='ltr'><strong>Iste</strong></span> <span class='ocrx_word' id='word_1_14' title='bbox 1593 363 1694 393; x_wconf 82' lang='lat' dir='ltr'><strong>vero</strong></span> 
     </span>
    </p>
   </div>
   <div class='ocr_carea' id='block_1_4' title="bbox 1769 149 1786 337">
    <p class='ocr_par' dir='ltr' id='par_1_4' title="bbox 1769 149 1786 337">
     <span class='ocr_line' id='line_1_6' title="bbox 1769 149 1786 337; textangle 90"><span class='ocrx_word' id='word_1_15' title='bbox 1769 205 1786 337; x_wconf 56' lang='lat'><strong>.........-.-„.&#39;-</strong></span> <span class='ocrx_word' id='word_1_16' title='bbox 1776 149 1786 185; x_wconf 32' lang='grc' dir='ltr'><strong>,ἢν</strong></span> 
     </span>
    </p>
   </div>
   <div class='ocr_carea' id='block_1_5' title="bbox 277 393 1786 462">
    <p class='ocr_par' dir='ltr' id='par_1_5' title="bbox 277 393 1786 462">
     <span class='ocr_line' id='line_1_7' title="bbox 277 393 1786 462; baseline 0.002 -14"><span class='ocrx_word' id='word_1_17' title='bbox 277 409 423 461; x_wconf 87' lang='lat' dir='ltr'><strong>fugam</strong></span> <span class='ocrx_word' id='word_1_18' title='bbox 437 408 586 459; x_wconf 85' lang='lat' dir='ltr'><strong>iniens,</strong></span> <span class='ocrx_word' id='word_1_19' title='bbox 601 409 656 449; x_wconf 90' lang='lat' dir='ltr'><strong>ad</strong></span> <span class='ocrx_word' id='word_1_20' title='bbox 671 409 951 462; x_wconf 88' lang='lat' dir='ltr'><strong>Chilpericum</strong></span> <span class='ocrx_word' id='word_1_21' title='bbox 965 423 1105 462; x_wconf 89' lang='lat' dir='ltr'><strong>regem</strong></span> <span class='ocrx_word' id='word_1_22' title='bbox 1119 411 1303 461; x_wconf 87' lang='lat' dir='ltr'><strong>transiit,</strong></span> <span class='ocrx_word' id='word_1_23' title='bbox 1317 410 1594 452; x_wconf 82' lang='lat' dir='ltr'><strong>facultatibus</strong></span> <span class='ocrx_word' id='word_1_24' title='bbox 1607 410 1693 454; x_wconf 84' lang='lat' dir='ltr'><strong>suis</strong></span> <span class='ocrx_word' id='word_1_25' title='bbox 1760 427 1763 429; x_wconf 58' lang='grc'><strong><em>’</em></strong></span> <span class='ocrx_word' id='word_1_26' title='bbox 1784 393 1786 411; x_wconf 60' lang='lat'>³</span> 
     </span>
    </p>
   </div>
   <div class='ocr_carea' id='block_1_6' title="bbox 277 467 1745 523">
    <p class='ocr_par' dir='ltr' id='par_1_6' title="bbox 277 467 1745 523">
     <span class='ocr_line' id='line_1_8' title="bbox 277 467 1745 523; baseline 0.001 -15"><span class='ocrx_word' id='word_1_27' title='bbox 277 467 381 508; x_wconf 83' lang='lat' dir='ltr'><strong>fisco</strong></span> <span class='ocrx_word' id='word_1_28' title='bbox 398 468 505 520; x_wconf 89' lang='lat' dir='ltr'><strong>regis</strong></span> <span class='ocrx_word' id='word_1_29' title='bbox 527 468 837 509; x_wconf 87' lang='lat' dir='ltr'><strong>Guntchramni</strong></span> <span class='ocrx_word' id='word_1_30' title='bbox 855 469 1051 510; x_wconf 84' lang='lat' dir='ltr'><strong>dimissis.</strong></span> <span class='ocrx_word' id='word_1_31' title='bbox 1085 469 1275 522; x_wconf 82' lang='lat' dir='ltr'>Cumque</span> <span class='ocrx_word' id='word_1_32' title='bbox 1293 483 1366 522; x_wconf 90' lang='lat' dir='ltr'><strong>per</strong></span> <span class='ocrx_word' id='word_1_33' title='bbox 1383 470 1550 513; x_wconf 85' lang='lat' dir='ltr'><strong>diversa</strong></span> <span class='ocrx_word' id='word_1_34' title='bbox 1566 481 1694 523; x_wconf 84' lang='lat' dir='ltr'><strong>vaga·</strong></span> <span class='ocrx_word' id='word_1_35' title='bbox 1741 482 1745 485; x_wconf 84' lang='grc'><strong>’</strong></span> 
     </span>
    </p>
   </div>
   <div class='ocr_carea' id='block_1_7' title="bbox 209 527 1700 2709">
    <p class='ocr_par' dir='ltr' id='par_1_7' title="bbox 209 527 1700 2709">
     <span class='ocr_line' id='line_1_9' title="bbox 277 527 1695 580; baseline 0.001 -14"><span class='ocrx_word' id='word_1_36' title='bbox 277 531 394 567; x_wconf 89' lang='lat' dir='ltr'><strong>retur</strong></span> <span class='ocrx_word' id='word_1_37' title='bbox 413 539 488 580; x_wconf 89' lang='lat' dir='ltr'><strong>pro</strong></span> <span class='ocrx_word' id='word_1_38' title='bbox 506 527 730 567; x_wconf 90' lang='lat' dir='ltr'><strong>commisso</strong></span> <span class='ocrx_word' id='word_1_39' title='bbox 748 528 914 578; x_wconf 87' lang='lat' dir='ltr'><strong>scelere,</strong></span> <span class='ocrx_word' id='word_1_40' title='bbox 933 541 1010 569; x_wconf 91' lang='lat' dir='ltr'><strong>nec</strong></span> <span class='ocrx_word' id='word_1_41' title='bbox 1027 528 1066 569; x_wconf 89' lang='lat' dir='ltr'><strong>ei</strong></span> <span class='ocrx_word' id='word_1_42' title='bbox 1083 533 1192 569; x_wconf 88' lang='lat' dir='ltr'><strong>esset</strong></span> <span class='ocrx_word' id='word_1_43' title='bbox 1210 529 1325 569; x_wconf 90' lang='lat' dir='ltr'><strong>locus</strong></span> <span class='ocrx_word' id='word_1_44' title='bbox 1343 530 1491 570; x_wconf 88' lang='lat' dir='ltr'><strong>firmus</strong></span> <span class='ocrx_word' id='word_1_45' title='bbox 1509 529 1563 572; x_wconf 87' lang='lat' dir='ltr'><strong>ad</strong></span> <span class='ocrx_word' id='word_1_46' title='bbox 1581 541 1695 570; x_wconf 86' lang='lat' dir='ltr'><strong>com-</strong></span> 
     </span>
     <span class='ocr_line' id='line_1_10' title="bbox 237 586 1694 641; baseline 0.001 -15"><span class='ocrx_word' id='word_1_47' title='bbox 237 591 258 626; x_wconf 92' lang='lat'>5</span> <span class='ocrx_word' id='word_1_48' title='bbox 280 586 548 636; x_wconf 89' lang='lat' dir='ltr'><strong>morandum,</strong></span> <span class='ocrx_word' id='word_1_49' title='bbox 571 587 760 637; x_wconf 93' lang='lat' dir='ltr'><strong>tandem,</strong></span> <span class='ocrx_word' id='word_1_50' title='bbox 783 591 833 627; x_wconf 92' lang='lat' dir='ltr'><strong>ut</strong></span> <span class='ocrx_word' id='word_1_51' title='bbox 855 587 992 638; x_wconf 90' lang='lat' dir='ltr'><strong>credo,</strong></span> <span class='ocrx_word' id='word_1_52' title='bbox 1016 592 1165 628; x_wconf 91' lang='lat' dir='ltr'><strong>contra</strong></span> <span class='ocrx_word' id='word_1_53' title='bbox 1186 601 1283 628; x_wconf 90' lang='lat' dir='ltr'><strong>eum</strong></span> <span class='ocrx_word' id='word_1_54' title='bbox 1305 588 1506 641; x_wconf 85' lang='lat' dir='ltr'><strong>sanguine</strong></span> <span class='ocrx_word' id='word_1_55' title='bbox 1527 589 1694 629; x_wconf 86' lang='lat' dir='ltr'><strong>insonte</strong></span> 
     </span>
     <span class='ocr_line' id='line_1_11' title="bbox 278 645 1694 699; baseline 0.001 -14"><span class='ocrx_word' id='word_1_56' title='bbox 278 645 332 688; x_wconf 85' lang='lat' dir='ltr'><strong>ad</strong></span> <span class='ocrx_word' id='word_1_57' title='bbox 360 645 549 687; x_wconf 90' lang='lat' dir='ltr'><strong>divinam</strong></span> <span class='ocrx_word' id='word_1_58' title='bbox 577 646 814 698; x_wconf 89' lang='lat' dir='ltr'><strong>potentiam</strong></span> <span class='ocrx_word' id='word_1_59' title='bbox 842 647 1147 698; x_wconf 76' lang='lat' dir='ltr'>proclamante,</span> <span class='ocrx_word' id='word_1_60' title='bbox 1173 647 1217 687; x_wconf 91' lang='lat' dir='ltr'><strong>in</strong></span> <span class='ocrx_word' id='word_1_61' title='bbox 1246 647 1432 699; x_wconf 86' lang='lat' dir='ltr'><strong>quodam</strong></span> <span class='ocrx_word' id='word_1_62' title='bbox 1457 647 1564 698; x_wconf 91' lang='lat' dir='ltr'><strong>loco,</strong></span> <span class='ocrx_word' id='word_1_63' title='bbox 1592 647 1694 690; x_wconf 88' lang='lat' dir='ltr'><strong>dum</strong></span> 
     </span>
     <span class='ocr_line' id='line_1_12' title="bbox 278 704 1693 758; baseline 0.002 -14"><span class='ocrx_word' id='word_1_64' title='bbox 278 704 358 745; x_wconf 90' lang='lat' dir='ltr'><strong>iter</strong></span> <span class='ocrx_word' id='word_1_65' title='bbox 373 709 529 757; x_wconf 89' lang='lat' dir='ltr'><strong>ageret,</strong></span> <span class='ocrx_word' id='word_1_66' title='bbox 544 705 813 745; x_wconf 77' lang='lat' dir='ltr'><strong>innocentem</strong></span> <span class='ocrx_word' id='word_1_67' title='bbox 829 705 1042 746; x_wconf 89' lang='lat' dir='ltr'><strong>hominem</strong></span> <span class='ocrx_word' id='word_1_68' title='bbox 1057 706 1284 757; x_wconf 89' lang='lat' dir='ltr'><strong>evaginato</strong></span> <span class='ocrx_word' id='word_1_69' title='bbox 1298 706 1438 758; x_wconf 88' lang='lat' dir='ltr'><strong>gladio</strong></span> <span class='ocrx_word' id='word_1_70' title='bbox 1465 705 1693 747; x_wconf 78' lang='lat' dir='ltr'><strong>interemit.</strong></span> 
     </span>
     <span class='ocr_line' id='line_1_13' title="bbox 278 764 1694 818; baseline 0.001 -13"><span class='ocrx_word' id='word_1_71' title='bbox 278 764 405 805; x_wconf 86' lang='lat' dir='ltr'><strong>Cuius</strong></span> <span class='ocrx_word' id='word_1_72' title='bbox 429 769 626 816; x_wconf 90' lang='lat' dir='ltr'><strong>parentes</strong></span> <span class='ocrx_word' id='word_1_73' title='bbox 650 764 920 805; x_wconf 85' lang='lat' dir='ltr'><strong>condolentes</strong></span> <span class='ocrx_word' id='word_1_74' title='bbox 946 765 1172 818; x_wconf 91' lang='lat' dir='ltr'><strong>propinqui</strong></span> <span class='ocrx_word' id='word_1_75' title='bbox 1195 765 1373 815; x_wconf 84' lang='lat' dir='ltr'><strong>exitum,</strong></span> <span class='ocrx_word' id='word_1_76' title='bbox 1396 770 1611 806; x_wconf 87' lang='lat' dir='ltr'><strong>commota</strong></span> <span class='ocrx_word' id='word_1_77' title='bbox 1633 777 1694 806; x_wconf 88' lang='lat' dir='ltr'><strong>se-</strong></span> 
     </span>
     <span class='ocr_line' id='line_1_14' title="bbox 279 823 1697 876; baseline 0.001 -14"><span class='ocrx_word' id='word_1_78' title='bbox 279 823 452 873; x_wconf 85' lang='lat' dir='ltr'><strong>ditione,</strong></span> <span class='ocrx_word' id='word_1_79' title='bbox 479 823 681 863; x_wconf 81' lang='lat' dir='ltr'><strong>extractis</strong></span> <span class='ocrx_word' id='word_1_80' title='bbox 706 823 871 876; x_wconf 84' lang='lat' dir='ltr'><strong>gladiis,</strong></span> <span class='ocrx_word' id='word_1_81' title='bbox 917 837 1012 864; x_wconf 89' lang='lat' dir='ltr'><strong>eum</strong></span> <span class='ocrx_word' id='word_1_82' title='bbox 1052 824 1096 864; x_wconf 88' lang='lat' dir='ltr'><strong>in</strong></span> <span class='ocrx_word' id='word_1_83' title='bbox 1131 825 1267 864; x_wconf 84' lang='lat' dir='ltr'><strong>frusta</strong></span> <span class='ocrx_word' id='word_1_84' title='bbox 1301 824 1531 867; x_wconf 89' lang='lat' dir='ltr'><strong>concidunt</strong></span> <span class='ocrx_word' id='word_1_85' title='bbox 1565 837 1697 865; x_wconf 90' lang='lat' dir='ltr'><strong>mem-</strong></span> 
     </span>
     <span class='ocr_line' id='line_1_15' title="bbox 209 881 1696 935; baseline 0.002 -14"><span class='ocrx_word' id='word_1_86' title='bbox 209 888 256 921; x_wconf 92' lang='grc'><strong>10</strong></span> <span class='ocrx_word' id='word_1_87' title='bbox 279 881 519 935; x_wconf 90' lang='lat' dir='ltr'><strong>bratimque</strong></span> <span class='ocrx_word' id='word_1_88' title='bbox 542 882 803 935; x_wconf 87' lang='lat' dir='ltr'><strong>dispergunt.</strong></span> <span class='ocrx_word' id='word_1_89' title='bbox 836 883 980 922; x_wconf 87' lang='lat' dir='ltr'><strong>Talem</strong></span> <span class='ocrx_word' id='word_1_90' title='bbox 997 883 1110 923; x_wconf 90' lang='lat' dir='ltr'><strong>iusto</strong></span> <span class='ocrx_word' id='word_1_91' title='bbox 1125 883 1280 925; x_wconf 90' lang='lat' dir='ltr'><strong>iudicio</strong></span> <span class='ocrx_word' id='word_1_92' title='bbox 1299 884 1376 924; x_wconf 93' lang='lat' dir='ltr'><strong>Dei</strong></span> <span class='ocrx_word' id='word_1_93' title='bbox 1392 884 1555 924; x_wconf 88' lang='lat' dir='ltr'><strong>exitum</strong></span> <span class='ocrx_word' id='word_1_94' title='bbox 1571 883 1696 924; x_wconf 89' lang='lat' dir='ltr'><strong>miser</strong></span> 
     </span>
     <span class='ocr_line' id='line_1_16' title="bbox 279 941 1696 996; baseline 0.002 -16"><span class='ocrx_word' id='word_1_95' title='bbox 279 941 456 994; x_wconf 88' lang='lat' dir='ltr'><strong>accepit,</strong></span> <span class='ocrx_word' id='word_1_96' title='bbox 474 946 523 982; x_wconf 91' lang='lat' dir='ltr'><strong>ut</strong></span> <span class='ocrx_word' id='word_1_97' title='bbox 542 941 614 994; x_wconf 90' lang='lat' dir='ltr'><strong>qui</strong></span> <span class='ocrx_word' id='word_1_98' title='bbox 635 941 921 994; x_wconf 89' lang='lat' dir='ltr'><strong>propinquum</strong></span> <span class='ocrx_word' id='word_1_99' title='bbox 941 942 1211 982; x_wconf 88' lang='lat' dir='ltr'><strong>innocentem</strong></span> <span class='ocrx_word' id='word_1_100' title='bbox 1231 943 1494 983; x_wconf 86' lang='lat' dir='ltr'><strong>interimerat</strong></span> <span class='ocrx_word' id='word_1_101' title='bbox 1513 942 1602 996; x_wconf 85' lang='lat' dir='ltr'><strong>ipse</strong></span> <span class='ocrx_word' id='word_1_102' title='bbox 1622 954 1696 983; x_wconf 88' lang='lat' dir='ltr'><strong>no·</strong></span> 
     </span>
     <span class='ocr_line' id='line_1_17' title="bbox 281 1000 1696 1043; baseline 0.003 -4"><span class='ocrx_word' id='word_1_103' title='bbox 281 1013 378 1040; x_wconf 88' lang='lat' dir='ltr'><strong>cens</strong></span> <span class='ocrx_word' id='word_1_104' title='bbox 399 1000 558 1042; x_wconf 88' lang='lat' dir='ltr'><strong>diutius</strong></span> <span class='ocrx_word' id='word_1_105' title='bbox 583 1013 668 1040; x_wconf 91' lang='lat' dir='ltr'><strong>non</strong></span> <span class='ocrx_word' id='word_1_106' title='bbox 698 1006 903 1041; x_wconf 90' lang='lat' dir='ltr'><strong>maneret.</strong></span> <span class='ocrx_word' id='word_1_107' title='bbox 956 1001 1066 1041; x_wconf 89' lang='lat' dir='ltr'><strong>Nam</strong></span> <span class='ocrx_word' id='word_1_108' title='bbox 1095 1002 1223 1041; x_wconf 89' lang='lat' dir='ltr'><strong>tertio</strong></span> <span class='ocrx_word' id='word_1_109' title='bbox 1251 1001 1355 1042; x_wconf 89' lang='lat' dir='ltr'><strong>haec</strong></span> <span class='ocrx_word' id='word_1_110' title='bbox 1385 1001 1423 1042; x_wconf 91' lang='lat' dir='ltr'><strong>ei</strong></span> <span class='ocrx_word' id='word_1_111' title='bbox 1463 1006 1696 1043; x_wconf 84' lang='lat' dir='ltr'><strong>evenerunt</strong></span> 
     </span>
     <span class='ocr_line' id='line_1_18' title="bbox 279 1072 1376 1113; baseline 0.001 -14"><span class='ocrx_word' id='word_1_112' title='bbox 279 1072 404 1100; x_wconf 83' lang='lat' dir='ltr'><strong>annO.</strong></span> <span class='ocrx_word' id='word_1_113' title='bbox 872 1109 874 1113; x_wconf 92' lang='lat'><strong>.</strong></span> <span class='ocrx_word' id='word_1_114' title='bbox 1371 1080 1376 1085; x_wconf 81' lang='lat'><em>-</em></span> 
     </span>
     <span class='ocr_line' id='line_1_19' title="bbox 363 1118 1697 1173; baseline 0.001 -15"><span class='ocrx_word' id='word_1_115' title='bbox 363 1118 553 1171; x_wconf 90' lang='lat' dir='ltr'><strong>Denique</strong></span> <span class='ocrx_word' id='word_1_116' title='bbox 582 1118 773 1159; x_wconf 88' lang='lat' dir='ltr'><strong>Silvestri</strong></span> <span class='ocrx_word' id='word_1_117' title='bbox 797 1123 894 1171; x_wconf 90' lang='lat' dir='ltr'><strong>post</strong></span> <span class='ocrx_word' id='word_1_118' title='bbox 917 1119 1148 1159; x_wconf 84' lang='lat' dir='ltr'><strong>transitum</strong></span> <span class='ocrx_word' id='word_1_119' title='bbox 1173 1119 1390 1171; x_wconf 90' lang='lat' dir='ltr'><strong>Lingonici</strong></span> <span class='ocrx_word' id='word_1_120' title='bbox 1412 1119 1567 1162; x_wconf 86' lang='lat' dir='ltr'><strong>iterum</strong></span> <span class='ocrx_word' id='word_1_121' title='bbox 1590 1119 1697 1173; x_wconf 89' lang='lat' dir='ltr'><strong>epis-</strong></span> 
     </span>
     <span class='ocr_line' id='line_1_20' title="bbox 210 1178 1696 1231; baseline 0.001 -14"><span class='ocrx_word' id='word_1_122' title='bbox 210 1182 257 1216; x_wconf 88' lang='grc'><strong>15</strong></span> <span class='ocrx_word' id='word_1_123' title='bbox 280 1189 434 1230; x_wconf 91' lang='lat' dir='ltr'><strong>copum</strong></span> <span class='ocrx_word' id='word_1_124' title='bbox 462 1178 721 1230; x_wconf 85' lang='lat' dir='ltr'><strong>flagitantes,</strong></span> <span class='ocrx_word' id='word_1_125' title='bbox 751 1178 1003 1231; x_wconf 90' lang='lat' dir='ltr'><strong>Pappolum,</strong></span> <span class='ocrx_word' id='word_1_126' title='bbox 1034 1178 1105 1231; x_wconf 91' lang='lat' dir='ltr'><strong>qui</strong></span> <span class='ocrx_word' id='word_1_127' title='bbox 1135 1179 1350 1231; x_wconf 89' lang='lat' dir='ltr'><strong>quondam</strong></span> <span class='ocrx_word' id='word_1_128' title='bbox 1377 1178 1696 1221; x_wconf 86' lang='lat' dir='ltr'><strong>archidiaconus</strong></span> 
     </span>
     <span class='ocr_line' id='line_1_21' title="bbox 280 1236 1696 1290; baseline 0.001 -14"><span class='ocrx_word' id='word_1_129' title='bbox 280 1236 633 1288; x_wconf 88' lang='lat' dir='ltr'><strong>Agustidunensis</strong></span> <span class='ocrx_word' id='word_1_130' title='bbox 661 1237 814 1287; x_wconf 87' lang='lat' dir='ltr'><strong>fuerat,</strong></span> <span class='ocrx_word' id='word_1_131' title='bbox 844 1237 1073 1290; x_wconf 89' lang='lat' dir='ltr'><strong>accipiunt.</strong></span> <span class='ocrx_word' id='word_1_132' title='bbox 1125 1237 1206 1290; x_wconf 90' lang='lat' dir='ltr'><strong>Qui</strong></span> <span class='ocrx_word' id='word_1_133' title='bbox 1232 1237 1384 1288; x_wconf 89' lang='lat' dir='ltr'><strong>multa,</strong></span> <span class='ocrx_word' id='word_1_134' title='bbox 1412 1242 1461 1278; x_wconf 88' lang='lat' dir='ltr'><strong>ut</strong></span> <span class='ocrx_word' id='word_1_135' title='bbox 1488 1242 1696 1288; x_wconf 86' lang='lat' dir='ltr'><strong>asserunt,</strong></span> 
     </span>
     <span class='ocr_line' id='line_1_22' title="bbox 280 1296 1696 1349; baseline 0.001 -14"><span class='ocrx_word' id='word_1_136' title='bbox 280 1296 365 1348; x_wconf 91' lang='lat' dir='ltr'><strong>egit</strong></span> <span class='ocrx_word' id='word_1_137' title='bbox 391 1296 552 1349; x_wconf 88' lang='lat' dir='ltr'><strong>iniqua,</strong></span> <span class='ocrx_word' id='word_1_138' title='bbox 582 1309 688 1349; x_wconf 91' lang='lat' dir='ltr'><strong>quae</strong></span> <span class='ocrx_word' id='word_1_139' title='bbox 716 1309 741 1336; x_wconf 91' lang='lat' dir='ltr'><strong>a</strong></span> <span class='ocrx_word' id='word_1_140' title='bbox 767 1296 888 1336; x_wconf 90' lang='lat' dir='ltr'><strong>nobis</strong></span> <span class='ocrx_word' id='word_1_141' title='bbox 916 1297 1331 1348; x_wconf 88' lang='lat' dir='ltr'><strong>praetermittuntur,</strong></span> <span class='ocrx_word' id='word_1_142' title='bbox 1358 1309 1410 1337; x_wconf 91' lang='lat' dir='ltr'><strong>ne</strong></span> <span class='ocrx_word' id='word_1_143' title='bbox 1437 1297 1696 1339; x_wconf 87' lang='lat' dir='ltr'><strong>detractores</strong></span> 
     </span>
     <span class='ocr_line' id='line_1_23' title="bbox 280 1355 1696 1408; baseline 0.001 -14"><span class='ocrx_word' id='word_1_144' title='bbox 280 1355 462 1395; x_wconf 87' lang='lat' dir='ltr'><strong>fratrum</strong></span> <span class='ocrx_word' id='word_1_145' title='bbox 491 1368 579 1395; x_wconf 91' lang='lat' dir='ltr'><strong>esse</strong></span> <span class='ocrx_word' id='word_1_146' title='bbox 609 1355 843 1397; x_wconf 84' lang='lat' dir='ltr'><strong>videamur.</strong></span> <span class='ocrx_word' id='word_1_147' title='bbox 888 1356 1063 1406; x_wconf 88' lang='lat' dir='ltr'><strong>Tamen,</strong></span> <span class='ocrx_word' id='word_1_148' title='bbox 1096 1356 1264 1408; x_wconf 90' lang='lat' dir='ltr'><strong>qualem</strong></span> <span class='ocrx_word' id='word_1_149' title='bbox 1293 1355 1490 1397; x_wconf 86' lang='lat' dir='ltr'><strong>habuerit</strong></span> <span class='ocrx_word' id='word_1_150' title='bbox 1518 1356 1696 1406; x_wconf 84' lang='lat' dir='ltr'><strong>exitum,</strong></span> 
     </span>
     <span class='ocr_line' id='line_1_24' title="bbox 280 1413 1698 1468; baseline 0.001 -14"><span class='ocrx_word' id='word_1_151' title='bbox 280 1427 366 1454; x_wconf 90' lang='lat' dir='ltr'><strong>non</strong></span> <span class='ocrx_word' id='word_1_152' title='bbox 393 1413 605 1454; x_wconf 90' lang='lat' dir='ltr'><strong>omittam.</strong></span> <span class='ocrx_word' id='word_1_153' title='bbox 649 1415 774 1454; x_wconf 90' lang='lat' dir='ltr'><strong>Anno</strong></span> <span class='ocrx_word' id='word_1_154' title='bbox 801 1419 955 1455; x_wconf 90' lang='lat' dir='ltr'><strong>octavo</strong></span> <span class='ocrx_word' id='word_1_155' title='bbox 982 1415 1250 1468; x_wconf 86' lang='lat' dir='ltr'><strong>episcopatus</strong></span> <span class='ocrx_word' id='word_1_156' title='bbox 1277 1415 1357 1466; x_wconf 90' lang='lat' dir='ltr'><strong>sui,</strong></span> <span class='ocrx_word' id='word_1_157' title='bbox 1384 1415 1487 1456; x_wconf 91' lang='lat' dir='ltr'><strong>dum</strong></span> <span class='ocrx_word' id='word_1_158' title='bbox 1513 1415 1698 1465; x_wconf 83' lang='lat' dir='ltr'><strong>dioceses</strong></span> 
     </span>
     <span class='ocr_line' id='line_1_25' title="bbox 210 1473 1697 1527; baseline 0.001 -15"><span class='ocrx_word' id='word_1_159' title='bbox 210 1478 258 1511; x_wconf 83' lang='lat'><strong>20</strong></span> <span class='ocrx_word' id='word_1_160' title='bbox 281 1486 330 1513; x_wconf 90' lang='lat' dir='ltr'><strong>ac</strong></span> <span class='ocrx_word' id='word_1_161' title='bbox 344 1473 466 1513; x_wconf 88' lang='lat' dir='ltr'><strong>villas</strong></span> <span class='ocrx_word' id='word_1_162' title='bbox 482 1473 678 1514; x_wconf 91' lang='lat' dir='ltr'><strong>ecclesiae</strong></span> <span class='ocrx_word' id='word_1_163' title='bbox 693 1474 900 1524; x_wconf 86' lang='lat' dir='ltr'><strong>circuiret,</strong></span> <span class='ocrx_word' id='word_1_164' title='bbox 918 1474 1103 1526; x_wconf 82' lang='lat' dir='ltr'><strong>quadam</strong></span> <span class='ocrx_word' id='word_1_165' title='bbox 1118 1479 1242 1514; x_wconf 89' lang='lat' dir='ltr'><strong>nocte</strong></span> <span class='ocrx_word' id='word_1_166' title='bbox 1258 1473 1484 1516; x_wconf 90' lang='lat' dir='ltr'><strong>dormienti</strong></span> <span class='ocrx_word' id='word_1_167' title='bbox 1499 1474 1697 1527; x_wconf 88' lang='lat' dir='ltr'><strong>apparuit</strong></span> 
     </span>
     <span class='ocr_line' id='line_1_26' title="bbox 281 1532 1697 1586; baseline 0.001 -14"><span class='ocrx_word' id='word_1_168' title='bbox 281 1532 431 1573; x_wconf 90' lang='lat' dir='ltr'><strong>beatus</strong></span> <span class='ocrx_word' id='word_1_169' title='bbox 446 1532 637 1573; x_wconf 89' lang='lat' dir='ltr'><strong>Tetricus</strong></span> <span class='ocrx_word' id='word_1_170' title='bbox 653 1533 776 1573; x_wconf 92' lang='lat' dir='ltr'><strong>vultu</strong></span> <span class='ocrx_word' id='word_1_171' title='bbox 792 1533 960 1573; x_wconf 88' lang='lat' dir='ltr'><strong>minaci.</strong></span> <span class='ocrx_word' id='word_1_172' title='bbox 993 1533 1069 1574; x_wconf 93' lang='lat' dir='ltr'><strong>Cui</strong></span> <span class='ocrx_word' id='word_1_173' title='bbox 1083 1533 1145 1573; x_wconf 85' lang='lat' dir='ltr'><strong>ita</strong></span> <span class='ocrx_word' id='word_1_174' title='bbox 1161 1533 1283 1575; x_wconf 90' lang='lat' dir='ltr'><strong>dicit:</strong></span> <span class='ocrx_word' id='word_1_175' title='bbox 1301 1546 1317 1573; x_wconf 93' lang='lat'>«</span> <span class='ocrx_word' id='word_1_176' title='bbox 1339 1532 1449 1586; x_wconf 89' lang='lat' dir='ltr'><strong>Quid</strong></span> <span class='ocrx_word' id='word_1_177' title='bbox 1462 1537 1528 1584; x_wconf 89' lang='lat' dir='ltr'><strong>tu,</strong></span> <span class='ocrx_word' id='word_1_178' title='bbox 1542 1533 1697 1586; x_wconf 87' lang='lat' dir='ltr'><strong>inquit,</strong></span> 
     </span>
     <span class='ocr_line' id='line_1_27' title="bbox 281 1591 1698 1645; baseline 0.001 -14"><span class='ocrx_word' id='word_1_179' title='bbox 281 1591 348 1631; x_wconf 92' lang='lat' dir='ltr'><strong>hic</strong></span> <span class='ocrx_word' id='word_1_180' title='bbox 369 1592 553 1644; x_wconf 88' lang='lat' dir='ltr'><strong>Pappole</strong></span> <span class='ocrx_word' id='word_1_181' title='bbox 570 1593 587 1632; x_wconf 79' lang='lat' dir='ltr'><strong>P</strong></span> <span class='ocrx_word' id='word_1_182' title='bbox 622 1592 682 1633; x_wconf 91' lang='lat' dir='ltr'><strong>Ut</strong></span> <span class='ocrx_word' id='word_1_183' title='bbox 703 1592 804 1644; x_wconf 89' lang='lat' dir='ltr'><strong>quid</strong></span> <span class='ocrx_word' id='word_1_184' title='bbox 823 1592 964 1634; x_wconf 88' lang='lat' dir='ltr'><strong>sedem</strong></span> <span class='ocrx_word' id='word_1_185' title='bbox 982 1605 1122 1632; x_wconf 90' lang='lat' dir='ltr'><strong>meam</strong></span> <span class='ocrx_word' id='word_1_186' title='bbox 1142 1592 1335 1645; x_wconf 74' lang='lat' dir='ltr'><strong>pollues?</strong></span> <span class='ocrx_word' id='word_1_187' title='bbox 1371 1592 1430 1634; x_wconf 93' lang='lat' dir='ltr'><strong>Ut</strong></span> <span class='ocrx_word' id='word_1_188' title='bbox 1451 1591 1552 1644; x_wconf 88' lang='lat' dir='ltr'><strong>quid</strong></span> <span class='ocrx_word' id='word_1_189' title='bbox 1570 1593 1698 1633; x_wconf 88' lang='lat' dir='ltr'><strong>eccle-</strong></span> 
     </span>
     <span class='ocr_line' id='line_1_28' title="bbox 282 1651 1698 1705; baseline 0.001 -15"><span class='ocrx_word' id='word_1_190' title='bbox 282 1651 387 1690; x_wconf 86' lang='lat' dir='ltr'><strong>siam</strong></span> <span class='ocrx_word' id='word_1_191' title='bbox 415 1651 644 1704; x_wconf 80' lang='lat' dir='ltr'><strong>pervadis?</strong></span> <span class='ocrx_word' id='word_1_192' title='bbox 687 1652 746 1692; x_wconf 92' lang='lat' dir='ltr'><strong>Ut</strong></span> <span class='ocrx_word' id='word_1_193' title='bbox 775 1651 876 1704; x_wconf 91' lang='lat' dir='ltr'><strong>quid</strong></span> <span class='ocrx_word' id='word_1_194' title='bbox 903 1663 1002 1691; x_wconf 89' lang='lat' dir='ltr'><strong>oves</strong></span> <span class='ocrx_word' id='word_1_195' title='bbox 1029 1652 1133 1691; x_wconf 91' lang='lat' dir='ltr'><strong>mihi</strong></span> <span class='ocrx_word' id='word_1_196' title='bbox 1159 1651 1341 1693; x_wconf 89' lang='lat' dir='ltr'><strong>creditas</strong></span> <span class='ocrx_word' id='word_1_197' title='bbox 1368 1652 1426 1692; x_wconf 88' lang='lat' dir='ltr'><strong>sic</strong></span> <span class='ocrx_word' id='word_1_198' title='bbox 1453 1651 1698 1705; x_wconf 75' lang='lat' dir='ltr'><strong>disperges?</strong></span> 
     </span>
     <span class='ocr_line' id='line_1_29' title="bbox 283 1709 1698 1763; baseline 0 -12"><span class='ocrx_word' id='word_1_199' title='bbox 283 1709 391 1752; x_wconf 89' lang='lat' dir='ltr'><strong>Cede</strong></span> <span class='ocrx_word' id='word_1_200' title='bbox 415 1710 523 1760; x_wconf 85' lang='lat' dir='ltr'><strong>loco,</strong></span> <span class='ocrx_word' id='word_1_201' title='bbox 547 1710 736 1763; x_wconf 87' lang='lat' dir='ltr'><strong>relinque</strong></span> <span class='ocrx_word' id='word_1_202' title='bbox 762 1710 918 1761; x_wconf 89' lang='lat' dir='ltr'><strong>sedem,</strong></span> <span class='ocrx_word' id='word_1_203' title='bbox 945 1710 1122 1752; x_wconf 89' lang='lat' dir='ltr'><strong>abscede</strong></span> <span class='ocrx_word' id='word_1_204' title='bbox 1148 1711 1312 1763; x_wconf 88' lang='lat' dir='ltr'><strong>longius</strong></span> <span class='ocrx_word' id='word_1_205' title='bbox 1338 1723 1364 1750; x_wconf 89' lang='lat' dir='ltr'><strong>a</strong></span> <span class='ocrx_word' id='word_1_206' title='bbox 1387 1711 1568 1763; x_wconf 86' lang='lat' dir='ltr'><strong>regione.</strong></span> <span class='ocrx_word' id='word_1_207' title='bbox 1600 1723 1618 1751; x_wconf 63' lang='lat' dir='ltr'><strong>t</strong></span> <span class='ocrx_word' id='word_1_208' title='bbox 1642 1711 1698 1751; x_wconf 89' lang='lat' dir='ltr'><strong>Et</strong></span> 
     </span>
     <span class='ocr_line' id='line_1_30' title="bbox 212 1769 1698 1823; baseline 0.002 -16"><span class='ocrx_word' id='word_1_209' title='bbox 212 1773 259 1807; x_wconf 85' lang='lat'><strong>25</strong></span> <span class='ocrx_word' id='word_1_210' title='bbox 282 1769 385 1809; x_wconf 89' lang='lat' dir='ltr'><strong>haec</strong></span> <span class='ocrx_word' id='word_1_211' title='bbox 403 1769 559 1818; x_wconf 80' lang='lat' dir='ltr'><strong>dicens,</strong></span> <span class='ocrx_word' id='word_1_212' title='bbox 578 1769 740 1822; x_wconf 87' lang='lat' dir='ltr'><strong>virgam</strong></span> <span class='ocrx_word' id='word_1_213' title='bbox 761 1782 888 1822; x_wconf 91' lang='lat' dir='ltr'><strong>quam</strong></span> <span class='ocrx_word' id='word_1_214' title='bbox 906 1770 1093 1810; x_wconf 88' lang='lat' dir='ltr'><strong>habebat</strong></span> <span class='ocrx_word' id='word_1_215' title='bbox 1110 1770 1154 1810; x_wconf 92' lang='lat' dir='ltr'><strong>in</strong></span> <span class='ocrx_word' id='word_1_216' title='bbox 1170 1783 1300 1811; x_wconf 91' lang='lat' dir='ltr'><strong>manu</strong></span> <span class='ocrx_word' id='word_1_217' title='bbox 1319 1770 1479 1823; x_wconf 88' lang='lat' dir='ltr'><strong>pectori</strong></span> <span class='ocrx_word' id='word_1_218' title='bbox 1496 1770 1584 1810; x_wconf 86' lang='lat' dir='ltr'><strong>eius</strong></span> <span class='ocrx_word' id='word_1_219' title='bbox 1600 1782 1698 1810; x_wconf 90' lang='lat' dir='ltr'><strong>cum</strong></span> 
     </span>
     <span class='ocr_line' id='line_1_31' title="bbox 282 1828 1698 1882; baseline 0.002 -15"><span class='ocrx_word' id='word_1_220' title='bbox 282 1828 370 1869; x_wconf 92' lang='lat' dir='ltr'><strong>ictu</strong></span> <span class='ocrx_word' id='word_1_221' title='bbox 390 1828 532 1871; x_wconf 87' lang='lat' dir='ltr'><strong>valido</strong></span> <span class='ocrx_word' id='word_1_222' title='bbox 552 1828 736 1882; x_wconf 87' lang='lat' dir='ltr'><strong>impulit.</strong></span> <span class='ocrx_word' id='word_1_223' title='bbox 776 1830 825 1869; x_wconf 91' lang='lat' dir='ltr'><strong>In</strong></span> <span class='ocrx_word' id='word_1_224' title='bbox 847 1841 931 1881; x_wconf 89' lang='lat' dir='ltr'><strong>quo</strong></span> <span class='ocrx_word' id='word_1_225' title='bbox 950 1829 1018 1869; x_wconf 92' lang='lat' dir='ltr'><strong>ille</strong></span> <span class='ocrx_word' id='word_1_226' title='bbox 1039 1829 1256 1881; x_wconf 84' lang='lat' dir='ltr'><strong>evigilans,</strong></span> <span class='ocrx_word' id='word_1_227' title='bbox 1277 1829 1379 1871; x_wconf 86' lang='lat' dir='ltr'><strong>dum</strong></span> <span class='ocrx_word' id='word_1_228' title='bbox 1400 1828 1574 1881; x_wconf 87' lang='lat' dir='ltr'><strong>cogitat,</strong></span> <span class='ocrx_word' id='word_1_229' title='bbox 1597 1828 1698 1882; x_wconf 88' lang='lat' dir='ltr'><strong>quid</strong></span> 
     </span>
     <span class='ocr_line' id='line_1_32' title="bbox 282 1887 1698 1940; baseline 0.001 -13"><span class='ocrx_word' id='word_1_230' title='bbox 282 1889 361 1927; x_wconf 93' lang='lat' dir='ltr'><strong>hoc</strong></span> <span class='ocrx_word' id='word_1_231' title='bbox 385 1892 507 1937; x_wconf 87' lang='lat' dir='ltr'><strong>esset,</strong></span> <span class='ocrx_word' id='word_1_232' title='bbox 532 1887 636 1928; x_wconf 88' lang='lat' dir='ltr'><strong>ficta</strong></span> <span class='ocrx_word' id='word_1_233' title='bbox 659 1888 702 1928; x_wconf 92' lang='lat' dir='ltr'><strong>in</strong></span> <span class='ocrx_word' id='word_1_234' title='bbox 726 1888 818 1928; x_wconf 92' lang='lat' dir='ltr'><strong>loco</strong></span> <span class='ocrx_word' id='word_1_235' title='bbox 841 1888 912 1928; x_wconf 92' lang='lat' dir='ltr'><strong>illo</strong></span> <span class='ocrx_word' id='word_1_236' title='bbox 937 1888 1137 1940; x_wconf 83' lang='lat' dir='ltr'><strong>defigitur</strong></span> <span class='ocrx_word' id='word_1_237' title='bbox 1160 1901 1208 1928; x_wconf 90' lang='lat' dir='ltr'><strong>ac</strong></span> <span class='ocrx_word' id='word_1_238' title='bbox 1232 1888 1374 1930; x_wconf 91' lang='lat' dir='ltr'><strong>dolore</strong></span> <span class='ocrx_word' id='word_1_239' title='bbox 1397 1888 1585 1928; x_wconf 87' lang='lat' dir='ltr'><strong>maximo</strong></span> <span class='ocrx_word' id='word_1_240' title='bbox 1606 1901 1698 1928; x_wconf 91' lang='lat' dir='ltr'><strong>cru-</strong></span> 
     </span>
     <span class='ocr_line' id='line_1_33' title="bbox 282 1946 1699 2000; baseline 0.001 -14"><span class='ocrx_word' id='word_1_241' title='bbox 282 1947 432 1987; x_wconf 89' lang='lat' dir='ltr'><strong>ciatur.</strong></span> <span class='ocrx_word' id='word_1_242' title='bbox 465 1947 677 1987; x_wconf 88' lang='lat' dir='ltr'><strong>Abhorret</strong></span> <span class='ocrx_word' id='word_1_243' title='bbox 694 1947 835 1987; x_wconf 91' lang='lat' dir='ltr'><strong>cibum</strong></span> <span class='ocrx_word' id='word_1_244' title='bbox 853 1952 1087 2000; x_wconf 88' lang='lat' dir='ltr'><strong>potumque</strong></span> <span class='ocrx_word' id='word_1_245' title='bbox 1106 1952 1148 1987; x_wconf 92' lang='lat' dir='ltr'><strong>et</strong></span> <span class='ocrx_word' id='word_1_246' title='bbox 1165 1952 1346 1991; x_wconf 87' lang='lat' dir='ltr'><strong>mortem</strong></span> <span class='ocrx_word' id='word_1_247' title='bbox 1362 1947 1447 1987; x_wconf 85' lang='lat' dir='ltr'><strong>iam</strong></span> <span class='ocrx_word' id='word_1_248' title='bbox 1464 1946 1543 1987; x_wconf 88' lang='lat' dir='ltr'><strong>sibi</strong></span> <span class='ocrx_word' id='word_1_249' title='bbox 1559 1947 1699 1999; x_wconf 88' lang='lat' dir='ltr'><strong>proxi-</strong></span> 
     </span>
     <span class='ocr_line' id='line_1_34' title="bbox 282 2006 1698 2059; baseline 0 -14"><span class='ocrx_word' id='word_1_250' title='bbox 282 2019 397 2046; x_wconf 89' lang='lat' dir='ltr'><strong>mam</strong></span> <span class='ocrx_word' id='word_1_251' title='bbox 416 2006 713 2059; x_wconf 89' lang='lat' dir='ltr'><strong>praestolatur.</strong></span> <span class='ocrx_word' id='word_1_252' title='bbox 756 2006 863 2059; x_wconf 91' lang='lat' dir='ltr'><strong>Quid</strong></span> <span class='ocrx_word' id='word_1_253' title='bbox 886 2007 1039 2059; x_wconf 81' lang='lat' dir='ltr'><strong>plura?</strong></span> <span class='ocrx_word' id='word_1_254' title='bbox 1073 2007 1217 2051; x_wconf 88' lang='lat' dir='ltr'><strong>Tertia</strong></span> <span class='ocrx_word' id='word_1_255' title='bbox 1237 2007 1317 2056; x_wconf 89' lang='lat' dir='ltr'><strong>die,</strong></span> <span class='ocrx_word' id='word_1_256' title='bbox 1336 2019 1434 2047; x_wconf 91' lang='lat' dir='ltr'><strong>cum</strong></span> <span class='ocrx_word' id='word_1_257' title='bbox 1452 2006 1698 2058; x_wconf 84' lang='lat' dir='ltr'><strong>sanguinem</strong></span> 
     </span>
     <span class='ocr_line' id='line_1_35' title="bbox 213 2065 1699 2122; baseline 0.001 -18"><span class='ocrx_word' id='word_1_258' title='bbox 213 2070 260 2104; x_wconf 87' lang='lat'><strong>30</strong></span> <span class='ocrx_word' id='word_1_259' title='bbox 285 2078 352 2104; x_wconf 90' lang='lat' dir='ltr'><strong>ore</strong></span> <span class='ocrx_word' id='word_1_260' title='bbox 375 2065 586 2118; x_wconf 87' lang='lat' dir='ltr'><strong>proicerit,</strong></span> <span class='ocrx_word' id='word_1_261' title='bbox 608 2066 861 2118; x_wconf 84' lang='lat' dir='ltr'><strong>exspiravit;</strong></span> <span class='ocrx_word' id='word_1_262' title='bbox 900 2066 1050 2108; x_wconf 87' lang='lat' dir='ltr'><strong>exinde</strong></span> <span class='ocrx_word' id='word_1_263' title='bbox 1073 2066 1223 2116; x_wconf 88' lang='lat' dir='ltr'><strong>elatus,</strong></span> <span class='ocrx_word' id='word_1_264' title='bbox 1247 2065 1456 2117; x_wconf 89' lang='lat' dir='ltr'><strong>Lingonas</strong></span> <span class='ocrx_word' id='word_1_265' title='bbox 1478 2070 1542 2105; x_wconf 88' lang='lat' dir='ltr'><strong>est</strong></span> <span class='ocrx_word' id='word_1_266' title='bbox 1563 2065 1699 2122; x_wconf 85' lang='lat' dir='ltr'><strong>sepul-</strong></span> 
     </span>
     <span class='ocr_line' id='line_1_36' title="bbox 282 2124 1700 2176; baseline 0 -12"><span class='ocrx_word' id='word_1_267' title='bbox 282 2129 366 2164; x_wconf 89' lang='lat' dir='ltr'><strong>tus.</strong></span> <span class='ocrx_word' id='word_1_268' title='bbox 404 2125 451 2164; x_wconf 94' lang='lat' dir='ltr'><strong>In</strong></span> <span class='ocrx_word' id='word_1_269' title='bbox 481 2124 597 2164; x_wconf 91' lang='lat' dir='ltr'><strong>cuius</strong></span> <span class='ocrx_word' id='word_1_270' title='bbox 623 2124 715 2164; x_wconf 94' lang='lat' dir='ltr'><strong>loco</strong></span> <span class='ocrx_word' id='word_1_271' title='bbox 742 2125 996 2164; x_wconf 90' lang='lat' dir='ltr'><strong>Mummolus</strong></span> <span class='ocrx_word' id='word_1_272' title='bbox 1024 2125 1149 2174; x_wconf 85' lang='lat' dir='ltr'><strong>abba,</strong></span> <span class='ocrx_word' id='word_1_273' title='bbox 1186 2137 1309 2176; x_wconf 89' lang='lat' dir='ltr'><strong>quern</strong></span> <span class='ocrx_word' id='word_1_274' title='bbox 1343 2124 1511 2164; x_wconf 89' lang='lat' dir='ltr'><strong>Bonum</strong></span> <span class='ocrx_word' id='word_1_275' title='bbox 1547 2136 1700 2176; x_wconf 87' lang='lat' dir='ltr'><strong>cogno-</strong></span> 
     </span>
     <span class='ocr_line' id='line_1_37' title="bbox 282 2178 1700 2236; baseline 0 -13"><span class='ocrx_word' id='word_1_276' title='bbox 282 2188 427 2223; x_wconf 88' lang='lat' dir='ltr'><strong>mento</strong></span> <span class='ocrx_word' id='word_1_277' title='bbox 439 2188 608 2235; x_wconf 91' lang='lat' dir='ltr'><strong>vocant,</strong></span> <span class='ocrx_word' id='word_1_278' title='bbox 624 2178 845 2236; x_wconf 88' lang='lat' dir='ltr'><strong>episcopus</strong></span> <span class='ocrx_word' id='word_1_279' title='bbox 857 2183 1144 2224; x_wconf 89' lang='lat' dir='ltr'><strong>substituitur.</strong></span> <span class='ocrx_word' id='word_1_280' title='bbox 1159 2183 1292 2235; x_wconf 88' lang='lat' dir='ltr'><strong>Quem</strong></span> <span class='ocrx_word' id='word_1_281' title='bbox 1303 2183 1427 2223; x_wconf 87' lang='lat' dir='ltr'><strong>multi</strong></span> <span class='ocrx_word' id='word_1_282' title='bbox 1437 2183 1599 2235; x_wconf 90' lang='lat' dir='ltr'><strong>magnis</strong></span> <span class='ocrx_word' id='word_1_283' title='bbox 1610 2183 1700 2223; x_wconf 90' lang='lat' dir='ltr'><strong>lau-</strong></span> 
     </span>
     <span class='ocr_line' id='line_1_38' title="bbox 284 2242 1699 2295; baseline -0.001 -12"><span class='ocrx_word' id='word_1_284' title='bbox 284 2242 407 2284; x_wconf 88' lang='lat' dir='ltr'><strong>dibus</strong></span> <span class='ocrx_word' id='word_1_285' title='bbox 435 2247 731 2295; x_wconf 88' lang='lat' dir='ltr'><strong>prosecuntur:</strong></span> <span class='ocrx_word' id='word_1_286' title='bbox 759 2256 846 2282; x_wconf 88' lang='lat' dir='ltr'><strong>esse</strong></span> <span class='ocrx_word' id='word_1_287' title='bbox 873 2255 969 2284; x_wconf 90' lang='lat' dir='ltr'><strong>eum</strong></span> <span class='ocrx_word' id='word_1_288' title='bbox 996 2248 1176 2292; x_wconf 90' lang='lat' dir='ltr'><strong>castum,</strong></span> <span class='ocrx_word' id='word_1_289' title='bbox 1204 2242 1405 2292; x_wconf 87' lang='lat' dir='ltr'><strong>sobrium,</strong></span> <span class='ocrx_word' id='word_1_290' title='bbox 1431 2242 1699 2285; x_wconf 87' lang='lat' dir='ltr'><strong>moderatum</strong></span> 
     </span>
     <span class='ocr_line' id='line_1_39' title="bbox 284 2301 1698 2354; baseline 0 -13"><span class='ocrx_word' id='word_1_291' title='bbox 284 2315 332 2341; x_wconf 90' lang='lat' dir='ltr'><strong>ac</strong></span> <span class='ocrx_word' id='word_1_292' title='bbox 364 2302 407 2341; x_wconf 91' lang='lat' dir='ltr'><strong>in</strong></span> <span class='ocrx_word' id='word_1_293' title='bbox 441 2302 565 2342; x_wconf 85' lang='lat' dir='ltr'><strong>omni&#39;</strong></span> <span class='ocrx_word' id='word_1_294' title='bbox 588 2301 780 2341; x_wconf 91' lang='lat' dir='ltr'><strong>bonitate</strong></span> <span class='ocrx_word' id='word_1_295' title='bbox 814 2302 1192 2354; x_wconf 89' lang='lat' dir='ltr'><strong>promptissimum,</strong></span> <span class='ocrx_word' id='word_1_296' title='bbox 1226 2306 1442 2341; x_wconf 89' lang='lat' dir='ltr'><strong>amantem</strong></span> <span class='ocrx_word' id='word_1_297' title='bbox 1474 2301 1698 2351; x_wconf 87' lang='lat' dir='ltr'><strong>iustitiam,</strong></span> 
     </span>
     <span class='ocr_line' id='line_1_40' title="bbox 214 2360 1699 2413; baseline 0 -13"><span class='ocrx_word' id='word_1_298' title='bbox 214 2365 261 2400; x_wconf 87' lang='lat'><strong>35</strong></span> <span class='ocrx_word' id='word_1_299' title='bbox 284 2361 507 2400; x_wconf 87' lang='lat' dir='ltr'><strong>caritatem</strong></span> <span class='ocrx_word' id='word_1_300' title='bbox 531 2361 645 2404; x_wconf 86' lang='lat' dir='ltr'><strong>omni</strong></span> <span class='ocrx_word' id='word_1_301' title='bbox 667 2361 901 2401; x_wconf 88' lang='lat' dir='ltr'><strong>intentione</strong></span> <span class='ocrx_word' id='word_1_302' title='bbox 925 2361 1181 2412; x_wconf 86' lang='lat' dir='ltr'><strong>diligentem.</strong></span> <span class='ocrx_word' id='word_1_303' title='bbox 1228 2361 1322 2413; x_wconf 92' lang='lat' dir='ltr'><strong>Qui,</strong></span> <span class='ocrx_word' id='word_1_304' title='bbox 1345 2365 1520 2413; x_wconf 88' lang='lat' dir='ltr'><strong>accepto</strong></span> <span class='ocrx_word' id='word_1_305' title='bbox 1542 2360 1699 2413; x_wconf 87' lang='lat' dir='ltr'><strong>episco-</strong></span> 
     </span>
     <span class='ocr_line' id='line_1_41' title="bbox 284 2419 1699 2472; baseline 0 -13"><span class='ocrx_word' id='word_1_306' title='bbox 284 2424 404 2472; x_wconf 89' lang='lat' dir='ltr'><strong>patu,</strong></span> <span class='ocrx_word' id='word_1_307' title='bbox 431 2432 698 2472; x_wconf 88' lang='lat' dir='ltr'><strong>cognoscens,</strong></span> <span class='ocrx_word' id='word_1_308' title='bbox 727 2420 840 2472; x_wconf 87' lang='lat' dir='ltr'><strong>quod</strong></span> <span class='ocrx_word' id='word_1_309' title='bbox 867 2420 1124 2472; x_wconf 89' lang='lat' dir='ltr'><strong>Lampadius</strong></span> <span class='ocrx_word' id='word_1_310' title='bbox 1151 2420 1334 2459; x_wconf 89' lang='lat' dir='ltr'><strong>multum</strong></span> <span class='ocrx_word' id='word_1_311' title='bbox 1361 2419 1412 2461; x_wconf 90' lang='lat' dir='ltr'><strong>de</strong></span> <span class='ocrx_word' id='word_1_312' title='bbox 1437 2419 1561 2460; x_wconf 87' lang='lat' dir='ltr'><strong>rebus</strong></span> <span class='ocrx_word' id='word_1_313' title='bbox 1587 2420 1699 2459; x_wconf 86' lang='lat' dir='ltr'><strong>frau-</strong></span> 
     </span>
     <span class='ocr_line' id='line_1_42' title="bbox 285 2478 1698 2531; baseline 0 -13"><span class='ocrx_word' id='word_1_314' title='bbox 285 2479 427 2519; x_wconf 88' lang='lat' dir='ltr'><strong>dasset</strong></span> <span class='ocrx_word' id='word_1_315' title='bbox 450 2479 646 2519; x_wconf 89' lang='lat' dir='ltr'><strong>ecclesiae</strong></span> <span class='ocrx_word' id='word_1_316' title='bbox 669 2492 717 2518; x_wconf 92' lang='lat' dir='ltr'><strong>ac</strong></span> <span class='ocrx_word' id='word_1_317' title='bbox 741 2479 791 2520; x_wconf 90' lang='lat' dir='ltr'><strong>de</strong></span> <span class='ocrx_word' id='word_1_318' title='bbox 815 2479 957 2531; x_wconf 90' lang='lat' dir='ltr'><strong>spoliis</strong></span> <span class='ocrx_word' id='word_1_319' title='bbox 981 2491 1214 2531; x_wconf 88' lang='lat' dir='ltr'><strong>pauperum</strong></span> <span class='ocrx_word' id='word_1_320' title='bbox 1237 2491 1358 2530; x_wconf 88' lang='lat' dir='ltr'><strong>agros</strong></span> <span class='ocrx_word' id='word_1_321' title='bbox 1381 2478 1609 2530; x_wconf 86' lang='lat' dir='ltr'><strong>vineasque</strong></span> <span class='ocrx_word' id='word_1_322' title='bbox 1632 2478 1698 2518; x_wconf 89' lang='lat' dir='ltr'><strong>vel</strong></span> 
     </span>
     <span class='ocr_line' id='line_1_43' title="bbox 286 2537 1699 2590; baseline -0.001 -13"><span class='ocrx_word' id='word_1_323' title='bbox 286 2538 496 2590; x_wconf 88' lang='lat' dir='ltr'><strong>mancipia</strong></span> <span class='ocrx_word' id='word_1_324' title='bbox 514 2543 820 2589; x_wconf 86' lang='lat' dir='ltr'><strong>congregasset,</strong></span> <span class='ocrx_word' id='word_1_325' title='bbox 839 2550 935 2577; x_wconf 89' lang='lat' dir='ltr'><strong>eum</strong></span> <span class='ocrx_word' id='word_1_326' title='bbox 953 2538 1007 2577; x_wconf 90' lang='lat' dir='ltr'><strong>ab</strong></span> <span class='ocrx_word' id='word_1_327' title='bbox 1026 2537 1140 2579; x_wconf 88' lang='lat' dir='ltr'><strong>omni</strong></span> <span class='ocrx_word' id='word_1_328' title='bbox 1157 2550 1200 2577; x_wconf 94' lang='lat' dir='ltr'><strong>re</strong></span> <span class='ocrx_word' id='word_1_329' title='bbox 1218 2538 1428 2580; x_wconf 87' lang='lat' dir='ltr'><strong>nudatum</strong></span> <span class='ocrx_word' id='word_1_330' title='bbox 1446 2550 1471 2577; x_wconf 87' lang='lat' dir='ltr'><strong>a</strong></span> <span class='ocrx_word' id='word_1_331' title='bbox 1489 2537 1699 2590; x_wconf 87' lang='lat' dir='ltr'><strong>presentia</strong></span> 
     </span>
     <span class='ocr_line' id='line_1_44' title="bbox 286 2595 1698 2649; baseline -0.001 -12"><span class='ocrx_word' id='word_1_332' title='bbox 286 2610 362 2637; x_wconf 87' lang='lat' dir='ltr'><strong>sua</strong></span> <span class='ocrx_word' id='word_1_333' title='bbox 391 2598 513 2637; x_wconf 87' lang='lat' dir='ltr'><strong>iussit</strong></span> <span class='ocrx_word' id='word_1_334' title='bbox 548 2597 674 2648; x_wconf 89' lang='lat' dir='ltr'><strong>abigi.</strong></span> <span class='ocrx_word' id='word_1_335' title='bbox 719 2597 799 2649; x_wconf 91' lang='lat' dir='ltr'><strong>Qui</strong></span> <span class='ocrx_word' id='word_1_336' title='bbox 828 2610 939 2637; x_wconf 90' lang='lat' dir='ltr'><strong>nunc</strong></span> <span class='ocrx_word' id='word_1_337' title='bbox 974 2597 1018 2636; x_wconf 91' lang='lat' dir='ltr'><strong>in</strong></span> <span class='ocrx_word' id='word_1_338' title='bbox 1052 2597 1239 2639; x_wconf 87' lang='lat' dir='ltr'><strong>maxima</strong></span> <span class='ocrx_word' id='word_1_339' title='bbox 1260 2601 1510 2649; x_wconf 83' lang='lat' dir='ltr'><strong>paupertate</strong></span> <span class='ocrx_word' id='word_1_340' title='bbox 1531 2595 1698 2648; x_wconf 88' lang='lat' dir='ltr'><strong>degens,</strong></span> 
     </span>
     <span class='ocr_line' id='line_1_45' title="bbox 214 2655 1643 2709; baseline 0 -14"><span class='ocrx_word' id='word_1_341' title='bbox 214 2661 263 2695; x_wconf 85' lang='lat'><strong>40</strong></span> <span class='ocrx_word' id='word_1_342' title='bbox 288 2655 483 2696; x_wconf 88' lang='lat' dir='ltr'><strong>manibus</strong></span> <span class='ocrx_word' id='word_1_343' title='bbox 508 2656 685 2709; x_wconf 91' lang='lat' dir='ltr'><strong>propriis</strong></span> <span class='ocrx_word' id='word_1_344' title='bbox 709 2656 871 2696; x_wconf 89' lang='lat' dir='ltr'><strong>victum</strong></span> <span class='ocrx_word' id='word_1_345' title='bbox 897 2655 1074 2708; x_wconf 89' lang='lat' dir='ltr'><strong>quaerit.</strong></span> <span class='ocrx_word' id='word_1_346' title='bbox 1117 2655 1230 2695; x_wconf 92' lang='lat' dir='ltr'><strong>Haec</strong></span> <span class='ocrx_word' id='word_1_347' title='bbox 1254 2656 1304 2695; x_wconf 91' lang='lat' dir='ltr'><strong>de</strong></span> <span class='ocrx_word' id='word_1_348' title='bbox 1329 2655 1391 2695; x_wconf 88' lang='lat' dir='ltr'><strong>his</strong></span> <span class='ocrx_word' id='word_1_349' title='bbox 1415 2655 1643 2695; x_wconf 78' lang='lat' dir='ltr'><strong>sufficiant.</strong></span> 
     </span>
    </p>
   </div>
  </div>
 </body>
</html>
