1786 3016
715 204 900 244 -5-

9 280 31 394 ξ
90 317 275 376 cumque
291 325 488 364 nostrum
507 321 730 373 dixerunt3
765 321 839 365 sed
856 322 1127 375 grammatici
1147 323 1353 376 pluralem
1372 336 1520 364 nume-

6 388 30 419 ἧς

89 393 186 425 rum
205 393 294 424 non
315 385 582 436 putaverunt
603 382 760 423 habere
783 382 950 423 vitam.’
992 382 1114 425 Unde
1138 382 1417 423 manifestum
1439 388 1519 434 est,

90 441 241 484 melius
264 440 348 484 dici
370 441 510 482 vitam
532 446 707 495 patrum
733 454 863 495 quam
885 442 1014 492 vitas,
1041 442 1155 495 quia,
1179 455 1278 483 cum
1301 442 1357 483 sit
1382 442 1520 484 diver—

90 500 197 543 sitas
221 500 474 543 meritorum
501 501 814 554 virtutumque,
844 515 931 543 una
958 507 1105 543 tamen
1134 514 1280 542 omnes
1309 502 1402 542 vita
1430 514 1520 542 cor-

90 559 205 616 poris
223 560 302 602 alit
320 560 364 602 in
384 561 560 603 mundo.
599 561 656 601 Et
676 561 837 614 scripsi,
858 562 1010 612 fateor,
1031 561 1075 602 in
1094 561 1290 602 inferiore
1310 562 1522 602 confesso·
1545 566 1566 602 5

88 633 186 662 rum
196 618 307 662 libro
321 620 466 674 aliqua
479 620 531 663 de
548 621 818 674 quorundam
833 621 971 662 vitam
988 634 1094 674 quae
1110 621 1154 661 in
1168 634 1341 675 corpore
1358 621 1523 674 operati

89 683 191 722 sunt
218 679 339 721 brevi
369 692 456 731 ora,
485 679 641 725 idcirco
672 681 785 733 quia,
816 694 914 722 cum
944 682 995 723 de
1028 681 1106 721 Dei
1134 681 1297 722 virtute
1327 681 1521 734 ingentia

89 744 358 791 censeantur,
389 752 523 794 parva
553 745 700 781 tamen
730 740 970 783 redduntur
999 741 1043 781 in
1074 741 1262 794 scriptis3
1293 740 1522 794 prolixiora

91 811 260 854 quoque
277 799 322 840 in
339 799 433 851 hoc,
454 799 568 853 quod
586 800 678 840 vita
696 805 942 842 sanctorum
959 800 1148 841 vocitare
1167 800 1395 851 voluimus,
1412 800 1521 841 libro

89 859 278 913 imperiti
293 859 538 913 idiotaeque
556 860 822 913 praesuimus
841 861 1077 914 propalare,
1098 865 1267 901 orantes
1289 861 1519 903 Dominum
1543 866 1592 900 10

89 924 140 961 ut
163 919 362 972 dignetur
386 919 486 962 dare
510 919 691 960 verbum
715 920 759 960 in
777 933 847 961 ore
865 925 1026 971 nostro,
1047 920 1118 973 qui
1137 933 1211 960 ora
1228 925 1448 962 mutorum
1465 920 1520 962 ad

90 992 192 1021 usus
219 978 457 1034 praestinos
485 979 652 1033 saepius
678 980 899 1030 reseravit,
928 985 972 1020 et
1001 980 1115 1033 quod
1142 980 1186 1020 in
1214 980 1372 1021 sanctis
1402 993 1521 1034 prae-

89 1038 196 1093 cipit
217 1037 358 1089 scribi,
381 1044 555 1093 reputet
578 1051 628 1080 ea
651 1040 737 1080 suis
760 1039 804 1080 in
826 1040 1026 1082 laudibus
1050 1040 1292 1081 declamari.

463 1160 504 1210 c)
534 1158 755 1200 Vorrede
788 1173 844 1200 zu
875 1160 1218 1201 Confessores.

172 1235 311 1278 Pudet
337 1235 570 1290 insipienti,
597 1236 778 1290 reprobo
805 1237 1073 1291 inperitoque
1102 1242 1234 1290 atque
1261 1236 1388 1278 inerti
1415 1237 1519 1278 illud
1545 1243 1592 1278 15

89 1294 280 1349 adgredi,
305 1295 419 1349 quod
441 1309 527 1337 non
550 1301 694 1350 potest
716 1296 967 1350 adimplere;
991 1297 1063 1337 sed
1089 1298 1190 1350 quid
1212 1298 1382 1348 faciam,
1407 1297 1522 1350 quod

90 1355 202 1396 oculi
223 1367 311 1396 non
335 1356 490 1409 patior,
516 1369 624 1409 quae
649 1356 699 1398 de
724 1356 949 1397 beatorum
973 1357 1208 1398 virtutibus
1231 1357 1298 1398 vel
1321 1358 1409 1411 ipse
1433 1370 1522 1398 sae-

89 1414 185 1469 pius
208 1415 376 1469 inspexi
400 1415 468 1456 vel
492 1429 567 1469 per
590 1416 841 1457 relationem
865 1417 1075 1458 bonorum
1101 1418 1290 1458 virorum
1314 1422 1358 1458 et
1381 1422 1521 1458 certae

89 1474 192 1517 fidei
209 1474 430 1516 evidenter
453 1481 575 1528 gesta
601 1477 815 1529 cognovi?
845 1477 926 1519 Sed
953 1477 1098 1527 timeo,
1125 1491 1192 1527 ne,
1219 1490 1316 1518 cum
1342 1477 1521 1518 scribere

89 1547 281 1589 coepero,
303 1535 402 1589 quia
421 1548 516 1576 sum
535 1535 623 1576 sine
642 1536 796 1576 litteris
815 1536 1035 1577 rethoricis
1055 1543 1098 1578 et
1117 1543 1207 1578 arte
1225 1537 1521 1590 grammatica,
1544 1543 1593 1577 20

90 1593 343 1648 dicaturque
376 1595 481 1635 mihi
507 1608 533 1636 a
565 1595 788 1637 litteratis:
824 1597 875 1638 ‘O
901 1597 1057 1637 rustice
1091 1602 1134 1637 et
1167 1597 1316 1648 idiota,
1334 1602 1384 1637 ut
1419 1596 1521 1650 quid

89 1666 247 1695 nomen
270 1659 398 1696 tuum
422 1655 534 1696 inter
559 1655 786 1709 scriptores
812 1655 902 1698 indi
927 1657 1162 1698 aestimas?
1205 1657 1284 1698 Utl
1310 1669 1415 1710 opus
1441 1654 1536 1697 hocv

89 1726 116 1754 a
145 1714 292 1768 peritis
322 1714 457 1768 accipi
487 1719 629 1768 putas,
660 1715 729 1756 cui
758 1716 975 1768 ingenium
1005 1717 1108 1756 artis
1139 1729 1226 1757 non
1256 1716 1521 1770 subpeditat,

88 1786 167 1817 nec
184 1773 271 1815 ulla
287 1773 528 1816 litterarum
547 1775 724 1816 scientia
743 1775 1075 1817 subministrat?
1117 1777 1199 1830 Qui
1216 1777 1380 1818 nullum
1399 1789 1522 1829 argu-

88 1838 284 1875 mentum
301 1834 406 1875 utile
423 1835 467 1875 in
483 1834 637 1875 litteris
664 1835 809 1886 habes,
832 1836 903 1889 qui
928 1836 1102 1877 nomina
1114 1837 1349 1877 discernere
1364 1836 1521 1888 nescis;
1543 1841 1592 1877 25

89 1893 257 1947 saepius
283 1906 359 1947 pro
384 1894 628 1935 masculinis
653 1895 850 1946 feminea,
878 1909 954 1949 pro
979 1896 1172 1937 femineis
1197 1901 1351 1937 neutra
1375 1901 1419 1936 et
1444 1908 1522 1949 pro

87 1958 243 1995 neutra
277 1953 514 1996 masculina
547 1960 795 2005 conmutas3
848 1955 920 2008 qui
953 1956 1067 2009 ipsas
1104 1969 1273 2009 quoque
1309 1956 1523 2010 praeposi-

88 2013 241 2064 tiones,
259 2026 364 2067 quas
379 2014 588 2055 nobilium
604 2014 864 2056 dictatorum
881 2015 1097 2056 observari
1113 2016 1256 2056 sanxit
1272 2015 1521 2067 auctoritas,

88 2073 182 2114 loco
203 2073 350 2116 debito
372 2073 622 2127 plerumque
643 2087 730 2115 non
750 2075 877 2116 locas.
919 2076 1029 2115 Nam
1051 2076 1252 2116 ablativis
1274 2076 1522 2117 accusativa

89 2137 134 2174 et
154 2145 324 2175 rursum
347 2134 604 2174 accusativis
627 2134 820 2175 ablativa
843 2135 1081 2189 praeponis
1124 2136 1309 2177 Putane:
1334 2136 1519 2186 videtur,
1543 2142 1591 2176 30

89 2196 140 2233 ut
167 2191 244 2234 bos
274 2193 390 2247 piger
419 2194 657 2247 palaestrae
685 2194 836 2237 ludum
865 2200 1075 2246 exerceat,
1105 2201 1181 2236 aut
1211 2195 1354 2236 asinus
1382 2195 1520 2248 segnis

89 2251 201 2293 inter
237 2253 523 2306 pheristarum
561 2254 752 2295 ordinem
790 2255 913 2295 celeri
949 2255 1098 2296 volatu
1137 2256 1379 2296 discurrat?
1431 2256 1520 2296 Aut

89 2316 203 2352 certe
229 2313 440 2366 numquid
468 2314 627 2367 poterit
664 2326 816 2355 corvus
844 2314 1106 2367 nigredinem
1134 2328 1256 2356 suam
1283 2315 1521 2356 albentium

89 2371 384 2414 columbarum
416 2373 557 2426 pinnis
589 2374 786 2426 obtegere
818 2380 894 2415 aut
927 2375 1178 2426 obscuritas,
1211 2375 1314 2428 picis
1345 2375 1520 2428 liquoris

88 2431 216 2472 lactei
236 2432 373 2473 colore
394 2434 586 2474 mutari?
625 2434 801 2487 Nempe,
823 2439 872 2474 ut
894 2435 978 2476 ista
998 2435 1091 2475 fieri
1112 2435 1310 2488 possibile
1332 2448 1418 2475 non
1440 2440 1518 2485 est,
1542 2439 1590 2475 35

89 2490 152 2532 ita
174 2504 252 2532 nec
275 2496 325 2533 tu
350 2493 508 2546 poteris
532 2493 643 2534 inter
668 2494 893 2547 scriptores
918 2495 1022 2535 alios
1047 2495 1222 2535 haberi?
1267 2495 1350 2537 Sed
1372 2500 1520 2535 tamen

88 2544 354 2604 respondebo
376 2552 457 2592 illis
481 2558 523 2593 et
548 2553 702 2604 dicam,
729 2554 847 2607 quia:
874 2554 1006 2607 ‘Opus
1031 2559 1222 2595 vestrum
1246 2555 1356 2595 facio
1380 2559 1423 2594 et
1446 2567 1521 2607 per

190 2665 205 2688 ²
231 2668 314 2702 aut
341 2667 399 2711 (ut
424 2667 517 2713 quid
544 2667 747 2713 ver-mmm)
778 2667 953 2714 Bonnet).
