1786 3016
1549 0 1553 3 ¹
1564 0 1591 14 νη

1588 63 1590 70 ι

1593 14 1607 42 ¹,
1658 35 1665 42 ,,
1688 0 1754 45 ,Ϊῖἵζυξ

1596 33 1705 93 {³
1753 0 1786 116 l

277 336 525 377 civitatibus
538 337 583 377 in
596 337 752 377 itenere
767 344 1043 391 congregatus
1058 345 1142 391 est3
1156 341 1200 381 in
1216 353 1298 394 quo
1311 341 1415 382 nihil
1429 341 1480 384 de
1494 342 1598 384 fisco
1611 355 1687 384 suo

277 409 350 436 rex
370 396 468 438 dare
489 396 706 449 praecipit,
727 397 807 437 nisi
827 399 967 438 omnia
986 399 1037 440 de
1057 412 1291 452 pauperum
1309 401 1572 443 coniecturis.
1605 401 1687 445 Sed

280 456 479 508 quoniam
500 456 681 508 suspicio
702 462 792 497 erat
813 458 912 509 regi,
934 471 986 498 ne
1007 459 1138 499 frater
1159 464 1234 500 aut
1254 473 1386 513 nepus
1408 460 1571 513 aliquas
1589 459 1688 502 insi-

278 515 369 555 dias
396 515 559 568 puellae
586 515 629 555 in
656 515 726 555 via
754 522 965 568 pararent,
993 517 1199 558 vallatam
1226 518 1279 558 ab
1306 519 1492 560 exercitu
1519 531 1688 573 pergere

237 580 257 614 5
279 574 415 614 iussit.
456 575 590 614 Erant
613 580 757 615 autem
780 588 877 615 cum
899 588 949 615 ea
971 576 1050 616 viri
1072 577 1286 629 magnifici
1311 578 1428 619 Bobo
1451 578 1553 630 dux,
1575 579 1688 620 filius

277 634 565 683 Mummoleni,
596 646 692 674 cum
721 647 866 685 uxore,
899 635 1018 687 quasi
1048 637 1380 690 paranymphus,
1412 637 1688 691 Domigiselus

278 698 320 733 et
345 693 597 742 Ansoaldus,
623 693 757 733 maior
782 694 931 735 domus
955 694 1136 746 Waddo,
1165 695 1236 748 qui
1261 696 1360 736 olim
1389 696 1688 738 sanctonicum

277 757 444 792 rexerat
474 752 747 802 comitatum3
778 753 987 805 reliquum
1018 767 1117 794 vero
1149 755 1299 807 vulgus
1330 768 1454 808 super
1486 760 1689 808 quattuor

277 811 393 852 milia
410 817 515 851 erat.
550 811 686 851 Ceteri
703 816 847 851 autem
867 812 992 854 duces
1011 818 1054 853 et
1072 814 1305 865 camararii,
1327 814 1398 866 qui
1415 827 1512 855 cum
1529 827 1579 855 ea
1595 827 1690 868 pro-

209 877 256 909 10
278 875 544 923 peraverant,
575 871 626 911 de
658 870 842 911 Pectavo
870 872 1043 924 regressi
1073 878 1192 923 sunt;
1222 873 1293 913 isti
1322 886 1421 913 vero
1450 874 1532 914 iter
1559 874 1690 914 confi·

278 930 466 980 cientes1‚
485 930 716 982 pergebant
732 934 781 970 ut
797 935 1008 982 poterant.
1043 931 1120 971 Per
1138 944 1265 983 quam
1282 932 1396 972 viam
1411 937 1580 973 tantam
1596 946 1690 986 spo-

277 988 378 1029 liam
391 993 671 1041 tantamquae
686 989 887 1042 praedam
902 990 1004 1029 facti
1018 996 1132 1040 sunt,
1147 996 1195 1031 ut
1210 991 1282 1031 vix
1297 991 1469 1032 valeant
1482 1005 1690 1033 enarrare.

280 1048 389 1088 Nam
411 1048 639 1101 hospiciola
661 1061 894 1101 pauperum
916 1049 1203 1101 expoliabant,
1225 1048 1690 1102 vineasdevastabant,

277 1107 339 1147 ita
367 1113 416 1148 ut
445 1108 585 1147 incisis
615 1107 825 1149 coditibus
855 1108 1037 1148 cunctis²
1064 1110 1292 1159 auferrent,
1321 1109 1512 1150 levantes
1540 1122 1691 1163 pecora

209 1171 255 1206 15
278 1167 344 1206 vel
368 1167 568 1219 quicquid
589 1167 775 1207 invenire
797 1168 1049 1220 potuissent,
1071 1168 1174 1208 nihil
1196 1180 1269 1221 per
1289 1169 1404 1209 viam
1427 1182 1511 1221 qua
1529 1169 1691 1221 gradie-

278 1225 435 1266 bantur
466 1226 764 1278 relinquentes,
818 1226 1046 1279 Impletum
1079 1232 1144 1268 est
1179 1227 1290 1279 quod
1325 1228 1488 1270 dictum
1519 1233 1585 1270 est
1617 1241 1692 1281 per

281 1285 396 1325 Iohel
420 1285 647 1338 propheta:
673 1285 921 1327 ‘Residuum
944 1286 1131 1326 locustae
1155 1287 1339 1328 comedit
1362 1299 1503 1340 erugo,
1526 1292 1570 1327 et
1592 1287 1691 1327 resi-

278 1344 411 1385 duum
438 1357 584 1385 erucae
612 1345 795 1387 comedit
823 1345 1022 1395 bruchus,
1051 1350 1094 1385 et
1120 1345 1335 1387 residuum
1362 1346 1480 1386 bruci
1507 1346 1692 1388 comedit

277 1404 456 1456 rubigo?
482 1405 550 1444 Ita
572 1408 614 1443 et
636 1404 715 1443 hoc
737 1409 882 1444 actum
904 1409 968 1444 est
989 1410 1193 1457 tempore,
1215 1410 1265 1445 ut
1285 1405 1499 1447 residuum
1521 1405 1691 1458 proinae

209 1469 256 1502 20
279 1468 510 1516 protereret
527 1468 774 1516 tempestas,
794 1468 837 1503 et
855 1463 1069 1505 residuum
1087 1464 1356 1516 tempestatis
1374 1464 1558 1505 exuriret
1577 1464 1692 1504 sicci-

278 1527 360 1572 tas,
380 1527 423 1563 et
441 1523 655 1564 residuum
675 1522 876 1563 siccitatis
896 1523 1079 1563 auferret
1098 1523 1322 1564 hostilitas.

360 1593 515 1644 V11‚9.
547 1594 658 1634 Dum
689 1594 791 1634 haec
822 1599 1050 1646 agerentur
1079 1594 1316 1646 Rigunthis‚
1347 1593 1557 1647 Chilpirici
1585 1594 1693 1647 regis

278 1652 380 1702 filia,
409 1666 504 1693 cum
531 1653 739 1694 thesauris
767 1653 1061 1705 suprascriptis
1088 1666 1221 1705 usque
1249 1653 1476 1693 Tholosam
1502 1653 1691 1694 accessit.

280 1712 336 1751 Et
354 1724 525 1752 cernens
544 1725 585 1752 se
603 1713 688 1752 iam
707 1712 761 1754 ad
778 1712 1008 1754 terminum
1031 1712 1269 1753 Gothorum
1287 1725 1375 1752 esse
1394 1712 1691 1765 propinquam,

209 1776 256 1810 25
278 1783 418 1811 moras
450 1771 652 1812 innectire
686 1772 838 1824 coepit,
874 1771 1111 1814 dicentibus
1146 1772 1224 1811 sibi
1256 1777 1351 1812 tum
1384 1776 1575 1823 preterea
1606 1771 1692 1812 suis

279 1835 470 1882 oportere
490 1843 583 1871 eam
602 1830 759 1872 ibidem
778 1831 1042 1881 commorari,
1062 1843 1158 1871 cum
1177 1831 1257 1883 ipsi
1276 1831 1446 1882 fatigati
1464 1829 1515 1872 de
1534 1830 1692 1870 itenere

278 1890 534 1930 vestimenta
571 1890 777 1930 haberent
813 1891 987 1940 inculta,
1025 1890 1302 1930 calciamenta
1339 1889 1459 1939 scisa,
1495 1889 1692 1942 ipsosque

279 1961 482 2001 equorum
502 1949 639 2001 adque
659 1962 926 1990 carrucarum
944 1954 1175 2002 apparatus
1194 1949 1347 2000 adhuc,
1367 1948 1475 1989 sicut
1493 1948 1692 2001 plaustris

279 2008 415 2060 evecti
431 2013 564 2058 erant,
582 2022 772 2049 seursum
788 2022 875 2048 esse
892 2008 1136 2050 disiunctos.
1171 2009 1373 2061 Oportere
1391 2008 1534 2060 pocius
1551 2007 1693 2047 omnia

210 2072 256 2105 30
279 2066 355 2116 hec
371 2067 485 2119 prius
502 2067 721 2120 diligenter
737 2068 922 2108 stabilire
939 2073 981 2107 et
997 2068 1054 2107 sic
1070 2068 1113 2107 in
1128 2068 1285 2107 itenere
1303 2066 1524 2120 proficisci,
1540 2077 1589 2106 ac
1605 2078 1694 2107 sus-

265 2126 391 2178 'cepti
410 2139 507 2167 cum
527 2128 641 2167 omni
660 2127 871 2179 elegancia
890 2127 944 2167 ab
964 2139 1130 2179 sponso,
1151 2139 1202 2166 ne
1222 2127 1344 2176 forte,
1365 2126 1398 2165 si
1416 2125 1566 2166 inculti
1583 2125 1694 2165 inter

283 2185 447 2226 Gothus
462 2192 727 2239 apparerent,
742 2187 1022 2228 inriderentur
1037 2186 1090 2226 ab
1104 2186 1217 2238 ipsis.
1251 2186 1362 2225 Dum
1376 2197 1472 2237 ergo
1486 2184 1549 2224 his
1562 2189 1694 2224 retar-

279 2243 481 2285 darentur
507 2259 557 2285 ex
576 2246 734 2295 causis,
762 2258 874 2285 mors
901 2245 1111 2297 Chilpirici
1137 2245 1244 2297 regis
1271 2245 1314 2284 in
1341 2257 1461 2284 aures
1489 2243 1694 2285 Desiderii

279 2301 645 2345 ducisinlabetur.
690 2305 783 2358 Ipse
810 2317 992 2357 quoque,
1018 2303 1202 2344 collectis
1228 2316 1369 2343 secum
1393 2302 1493 2342 viris
1517 2302 1694 2343 fortissi-

210 2366 257 2401 35
279 2363 372 2412 mis,
398 2363 623 2404 Tholosam
639 2364 795 2404 ‘urbem
820 2364 1053 2416 ingreditur
1077 2368 1351 2415 repertusque
1375 2361 1595 2405 thesauros
1620 2361 1694 2401 ab-

280 2422 416 2463 stullit
435 2423 485 2464 de
506 2429 717 2475 potestate
736 2423 877 2475 regine
895 2428 936 2463 et
955 2423 998 2462 in
1018 2423 1143 2463 domo
1164 2421 1349 2474 quadam
1368 2421 1446 2461 sub
1465 2420 1693 2472 sigillorum

279 2481 517 2522 municione
546 2495 594 2522 ac
623 2483 809 2523 virorum
838 2482 1016 2522 forcium
1044 2481 1283 2521 custodiam
1312 2479 1543 2532 mancipat,
1564 2478 1693 2531 depu-

279 2544 375 2579 tans
407 2541 547 2592 regine
577 2541 739 2581 victum
772 2547 927 2591 artum,
961 2541 1093 2580 donec
1125 2538 1178 2580 ad
1210 2539 1358 2579 urbem
1390 2538 1691 2591 regrederetur.

378 2655 528 2690 listis
553 2666 590 2691 v.
618 2655 641 2691 i.
668 2654 1047 2690 conficientibus.
1079 2674 1116 2678 —
1148 2652 1162 2674 2
1187 2651 1428 2693 codicibus
1452 2660 1547 2686 cum
1572 2650 1691 2686 uvis.
