1786 3016
730 208 914 250 -9-

107 329 373 399 temporibus
389 328 595 383 gloriosae
611 327 841 370 memoriae
867 331 1046 381 patruus
1064 339 1198 376 meuS,
1212 325 1285 379 qui
1301 330 1464 379 postea,
1485 329 1535 366 ut

109 389 215 444 dixi,
224 387 491 432 sacerdotale
508 388 622 428 fasce
636 388 853 428 Arvernae
870 386 982 428 rexit
998 386 1207 437 eclesiam,
1225 385 1411 439 pupillus
1422 389 1536 435 erat3

108 449 229 494 cuin&
249 447 477 491 facultates
498 446 561 488 ita
581 447 773 501 direptae
795 451 898 487 sunt
918 446 974 487 ab
996 445 1200 496 exercitu,
1222 449 1272 487 ut
1294 444 1398 486 nihil
1420 457 1536 498 pror-

109 522 181 551 sus
210 513 449 553 remaneret
481 506 525 548 in
557 512 752 560 promtu3
785 506 874 560 ipse
910 518 1087 559 quoque
1113 517 1211 546 cum
1243 517 1330 546 uno
1360 509 1536 545 tantum

109 566 286 624 puerulo
302 580 437 621 usque
448 566 735 608 Brivatinsim
752 565 896 607 vicum
915 566 1166 619 plerumque
1183 564 1333 605 itinere
1352 564 1539 617 pedestri
1562 568 1584 603 5

109 627 388 672 discurrebat.
425 626 604 669 Accedit
624 631 771 667 autem
795 625 981 679 quodam
1001 630 1208 678 tempore,
1231 624 1334 666 dum
1356 624 1436 664 hoc
1457 623 1537 664 iter

107 692 279 739 tereret,
295 692 360 738 ut,
376 686 533 728 laxatis
550 699 650 740 prae
668 686 805 727 calore
834 685 933 726 solis
950 684 1254 735 calciamentis,
1283 683 1399 726 nuda
1426 683 1537 724 ince-

109 747 214 790 dens
244 747 409 802 planta,
439 746 589 789 sudem
619 746 803 786 calcaret
833 745 1041 798 spineum.
1096 743 1179 811 Qui
1208 748 1313 784 tunc
1343 742 1537 783 fortassis

109 806 266 848 incisus
294 806 434 850 adhuc
462 811 600 847 terrae
629 806 821 856 haerens,
852 810 992 845 erecto
1022 804 1216 845 acumine
1245 803 1356 844 inter
1385 789 1537 844 herbas

109 866 265 910 virides
278 865 495 908 latitabat.
534 865 616 920 Qui
629 865 796 907 defixus
812 865 984 918 plantae
999 870 1043 904 et
1057 876 1373 917 superegressus
1388 863 1608 903 effrac-1O

107 931 266 981 tusque
292 926 490 971 deorsum
516 925 686 967 extrahi
710 924 993 978 nequebatur.
1039 924 1174 977 Igitur
1200 923 1416 964 defluente
1443 935 1538 963 san-

107 986 248 1040 guinis
262 985 371 1037 rivo,
388 998 486 1027 cum
509 997 701 1039 gressum
726 985 862 1025 facere
889 997 975 1025 non
1000 984 1176 1034 valeret,
1195 982 1311 1023 beati
1335 982 1538 1035 martyris

109 1046 297 1101 inplorat
337 1045 558 1096 auxilium,
601 1045 907 1099 paululumque
948 1044 1090 1086 dolore
1131 1054 1399 1096 conpraesso,
1439 1042 1538 1082 licet

61 1109 71 1116 “
109 1105 404 1156 claudicando,
419 1105 500 1146 iter
516 1105 631 1158 quod
645 1109 843 1158 coeperat
859 1103 1092 1157 expedivit.
1123 1103 1267 1144 Tertia
1283 1115 1383 1143 vero
1397 1107 1538 1152 nocte,

109 1170 462 1220 conputrescente
491 1165 680 1215 vulnere,
710 1164 829 1206 dolor
850 1163 1063 1206 maximus
1083 1162 1302 1204 incitatur.
1342 1162 1416 1203 Ille
1437 1174 1538 1202 vero
1560 1165 1609 1201 15

109 1225 166 1268 ad
189 1230 367 1280 experta
394 1224 558 1268 dudum
585 1223 794 1278 praesidia
820 1223 1081 1276 confugiens,
1109 1223 1332 1276 sepulchro
1357 1221 1538 1275 glorioso

109 1285 413 1340 prosternitur;
430 1285 695 1339 expletisque
713 1284 881 1337 vigiliis,
898 1296 1109 1336 regressus
1127 1282 1182 1323 ad
1198 1282 1417 1333 lectulum,
1436 1282 1539 1323 dum

109 1345 317 1387 virtutem
348 1345 550 1399 martyris
582 1344 883 1398 praestolatur,
915 1356 1064 1384 somno
1104 1341 1333 1384 incubente
1366 1341 1539 1395 deprae-

108 1405 254 1447 mitur.
300 1404 463 1447 Deinde
490 1417 761 1457 consurgens,
790 1403 952 1444 nullam
981 1402 1137 1446 doloris
1166 1402 1297 1443 sentit
1325 1401 1539 1452 iniuriam,

108 1469 368 1519 aspectaque
390 1464 554 1518 planta,
577 1477 674 1518 pars
697 1463 827 1514 sudis,
853 1476 960 1516 quae
982 1463 1169 1516 ingressa
1191 1463 1347 1512 fuerat,
1369 1473 1456 1502 non
1477 1461 1539 1501 vi-
1562 1466 1610 1500 20

109 1524 256 1576 detur3
278 1524 472 1566 evulsam
492 1529 640 1565 tamen
663 1523 877 1564 sentiebat
899 1536 924 1563 a
948 1523 1068 1577 pede.
1115 1522 1239 1576 Quod
1261 1522 1424 1575 lignum
1447 1520 1540 1564 dili-

108 1589 257 1638 genter
280 1583 512 1638 inquirens,
537 1585 580 1625 in
605 1588 746 1625 stratu
770 1596 848 1624 suo
871 1583 1072 1637 repperit,
1098 1582 1329 1632 admirans,
1358 1581 1540 1634 qualiter

109 1643 260 1686 fuisset
291 1657 518 1698 egressum.
571 1644 729 1686 Solitus
761 1656 947 1696 namque
980 1648 1072 1683 erat
1104 1642 1149 1683 in
1180 1641 1431 1695 episcopatu
1462 1653 1540 1682 suo

109 1703 252 1746 locum
279 1703 466 1746 vulneris
494 1703 730 1754 ostendere,
759 1703 804 1744 in
834 1715 918 1756 quo
946 1715 1103 1756 magna
1130 1701 1272 1744 adhuc
1299 1702 1414 1742 fossa
1441 1713 1540 1742 con-

109 1763 383 1818 spiciebatur,
402 1763 638 1815 obtestans,
657 1764 700 1804 in
718 1763 799 1803 hoc
816 1762 934 1803 beati
951 1761 1152 1816 martyris
1171 1761 1298 1802 fuisse
1317 1761 1538 1802 virtutem.
1563 1765 1611 1800 25

422 1920 458 1960 4.
494 1918 728 1961 Baachweh
761 1918 1051 1970 (Martinus
1083 1917 1141 1969 II,
1171 1919 1227 1970 1).

191 2009 318 2050 Anno
348 2009 581 2050 centesimo
613 2008 927 2063 septuagesimo
959 2008 1145 2049 secundo
1178 2013 1276 2062 post
1307 2006 1539 2048 transitum

110 2068 228 2110 beati
259 2069 435 2110 Martini
466 2069 697 2120 antestitis,
734 2069 944 2123 Sigiherto
975 2068 1276 2121 gloriosissimo
1308 2080 1403 2120 rege
1437 2066 1541 2109 duo-

110 2128 276 2172 decimo
301 2141 415 2170 anno
440 2134 660 2182 regnante,
689 2134 787 2182 post
813 2141 1033 2170 excessum
1060 2127 1199 2168 sancti
1228 2126 1407 2168 Eufroni
1433 2126 1541 2180 epis·
1644 2172 1649 2176 ⁴

109 2188 310 2243 copinon
328 2201 423 2229 meo
441 2189 608 2240 merito,
628 2202 725 2229 cum
744 2189 824 2229 sim
843 2188 1102 2229 conscientia
1119 2187 1364 2230 teterrimus
1382 2191 1427 2227 et
1446 2199 1541 2240 pec·
1563 2191 1612 2226 30

111 2249 219 2290 catis
241 2247 486 2299 obvolutus,
510 2249 584 2291 sed
605 2248 821 2289 tribuente
844 2248 960 2291 fideli
985 2248 1088 2299 Deo,
1114 2247 1186 2301 qui
1208 2252 1336 2288 vocat
1358 2259 1408 2287 ea
1433 2259 1540 2299 quae

111 2321 199 2350 non
220 2312 321 2349 sunt
342 2313 568 2362 tamquam
594 2321 701 2361 quae
725 2313 840 2359 sunt,
865 2321 970 2349 onus
994 2307 1229 2361 episcopati
1251 2307 1450 2360 indignus
1473 2318 1541 2346 ac-

110 2368 218 2422 cepi.
259 2368 402 2409 Mense
429 2374 575 2410 autem
602 2369 788 2411 secundo
815 2367 1094 2411 ordinationis
1121 2380 1254 2417 meae,
1282 2379 1380 2407 cum
1406 2378 1540 2406 essem

111 2427 155 2469 in
186 2427 301 2478 villa,
331 2427 488 2469 incurri
517 2428 746 2471 disenteria
775 2441 873 2469 cum
904 2428 1020 2468 febre
1051 2426 1195 2470 valida
1225 2432 1268 2467 et
1297 2427 1443 2467 taliter
1473 2425 1542 2478 agi

111 2487 246 2542 coepi,
279 2492 329 2528 ut
362 2488 595 2529 inminente
628 2493 766 2528 morte
799 2488 942 2528 vivere
977 2486 1231 2529 omnimodis
1265 2486 1537 2540 disperarem.
1564 2489 1612 2525 35

114 2547 386 2589 Emittebant
413 2553 559 2589 autem
587 2547 781 2590 assiduae
810 2547 1095 2601 digestionum
1124 2546 1268 2587 officia
1297 2559 1404 2599 quae
1433 2545 1540 2586 acci-

113 2620 210 2661 pere
234 2612 434 2661 poterant
450 2608 700 2661 inexpensa,
723 2613 766 2648 et
788 2613 880 2648 erat
902 2607 1049 2647 horror
1070 2606 1174 2657 cibi;
1197 2619 1379 2659 cumque
1402 2605 1457 2645 ab
1478 2605 1541 2645 in-

113 2667 235 2710 aedia
265 2667 466 2710 deficeret
496 2668 633 2708 virtus
663 2667 887 2718 stomachi,
918 2666 1046 2707 febris
1075 2671 1249 2707 tantum
1279 2671 1371 2706 erat
1401 2665 1541 2705 victus
