1786 3016
870 217 1080 258 -36-

263 333 624 400 pronuntiassent.
664 333 937 375 Merovechus
961 347 1074 386 vero,
1099 335 1234 377 dum
1222 349 1268 376 111
1294 337 1543 377 Remensem
1563 346 1676 379 cam-

265 393 437 445 paniam
450 392 640 433 latitaret
655 406 731 433 nec
746 394 887 446 palam
901 407 943 434 se
957 394 1186 435 Austrasiis
1200 395 1401 447 crederet,
1415 401 1459 436 et
1472 408 1498 437 a
1512 394 1678 437 Ruben-

263 451 483 492 nensibus1
507 452 820 493 circumventus
847 458 926 503 est,
952 453 1204 504 dicentibus,
1233 455 1360 507 quod,
1385 455 1531 496 relicto
1555 459 1677 509 patre

264 511 353 551 eius
377 511 624 564 Chilperico,
649 511 687 551 ei
710 525 752 551 se
777 511 1065 578 subjugarent
1091 513 1125 552 si
1149 513 1203 555 ad
1227 525 1296 553 eos
1320 513 1551 557 accederet.
1596 514 1679 568 Qui

223 576 244 610 5
267 570 481 621 velociter,
511 571 748 613 adsumptis
779 584 920 611 secum
949 572 1050 611 viris
1080 572 1332 623 fortissimis,
1362 573 1417 615 ad
1445 585 1516 614 eos
1544 573 1678 615 venit.

270 629 342 670 Hii
362 633 681 682 9166961661682
702 630 944 682 detegentes
966 631 1098 681 dolos,
1119 631 1162 671 in
1182 631 1327 671 villam
1347 644 1444 672 eum
1465 632 1680 686 quandam

266 688 540 738 concludunt,
569 694 625 739 et,
653 690 1000 741 circumpertum³
1027 703 1123 730 cum
1149 690 1338 741 armatis,
1365 691 1543 732 nuntiis*
1568 691 1680 745 patri

266 748 467 799 dirigunt.
518 748 640 801 Quod
667 748 734 787 ille
762 749 952 798 audiens,
979 749 1076 789 illuc
1105 762 1326 802 properare
1353 749 1553 793 destinat.
1598 750 1680 792 Sed

265 807 332 847 1110
351 820 449 847 0616
468 807 669 859 suspicio⁵
690 808 875 859 quodam
893 813 1167 859 reteneretur,
1187 809 1356 859 timens,
1376 822 1428 849 ne
1447 809 1502 851 ad
1520 809 1681 852 vindic-

139 912 141 914 ,
196 873 244 906 10
266 871 358 906 tam
377 866 642 906 inimicorum
662 867 819 906 multas
838 867 973 907 lueret
994 880 1164 920 poenas,
1184 873 1387 908 vocatum
1406 868 1461 910 ad
1480 881 1523 908 se
1546 869 1682 913 Gaile-

266 938 371 966 num
387 925 639 966 familiarem
656 939 794 991 suum,
813 926 894 966 ait:
915 939 930 965 «
949 926 1044 967 Una
1061 927 1182 967 nobis
1200 940 1333 980 usque
1351 940 1463 968 nunc
1480 933 1523 968 et
1541 927 1683 971 anima

267 990 310 1025 et
330 985 550 1025 consilium
571 985 673 1035 fuit3
694 997 810 1036 rogo,
831 998 882 1025 ne
904 986 1079 1037 patiaris
1099 999 1165 1025 me
1186 986 1229 1026 in
1249 999 1398 1027 manus
1418 987 1683 1029 inimicorum

268 1044 395 1094 tradi,
413 1044 499 1094 sed,
517 1049 692 1097 6006910
707 1044 863 1096 gladio,
881 1045 1023 1084 inruas
1041 1045 1083 1085 in
1100 1058 1217 1085 me.»
1239 1046 1362 1098 Quod
1377 1046 1444 1086 ille
1461 1059 1547 1087 11011
1562 1045 1684 1089 dubi-

268 1108 381 1153 tans,
401 1116 498 1143 eum
516 1103 652 1143 cultro
672 1103 875 1144 confodit.
911 1104 1222 1146 Advenientem
1241 1110 1556 1158 autemregem,
1575 1117 1684 1146 mor-

199 1167 246 1202 15
270 1167 371 1203 tuus
404 1167 468 1203 est
500 1167 705 1215 repertus.
757 1163 1005 1203 Extiterunt
1038 1168 1141 1203 tunc
1178 1163 1249 1216 qui
1282 1163 1522 1206 adsererent
1554 1163 1685 1206 verba

270 1221 522 1271 Merovechi,
551 1234 656 1274 quae
682 1222 872 1274 superius
897 1222 1095 1273 diximus,
1121 1235 1145 1263 a
1169 1223 1312 1275 regina
1335 1223 1462 1264 fuisse
1486 1223 1684 1274 conficta,

271 1281 563 1321 Merovechus⁶
584 1293 684 1320 vero
705 1281 793 1321 eius
815 1282 942 1321 fuisse
964 1282 1079 1322 iussu
1101 1282 1210 1322 clam
1230 1282 1548 1336 interemptum.
1589 1283 1686 1324 Gai-

271 1339 415 1380 lenum
437 1352 536 1379 vero
559 1340 910 1393 adpraehensum,
935 1341 1107 1381 abscisis
1130 1341 1339 1392 manibus,
1363 1342 1554 1394 pedibus,
1577 1342 1686 1383 auri-

272 1399 351 1440 bus
371 1399 438 1439 vel
458 1399 625 1439 narium
645 1400 978 1450 summitatibus,
1000 1405 1042 1441 et
1063 1400 1153 1440 aliis
1174 1401 1318 1441 multis
1338 1401 1594 1442 cruciatibus
1613 1401 1687 1442 ad-

202 1464 250 1497 20
273 1459 448 1508 fectum,
477 1458 699 1499 infeliciter
727 1464 1003 1511 negaverunt.
1053 1459 1326 1502 Grindionem
1356 1473 1522 1514 quoque
1550 1460 1687 1501 intex-

273 1523 367 1558 tum
390 1522 507 1558 rotae
531 1517 574 1558 in
598 1517 775 1558 sublime
801 1519 1082 1569 sustulerunt;
1107 1519 1435 1570 Ciuci[o]lonem,
1461 1520 1533 1572 qui
1557 1531 1688 1572 quon-

274 1577 374 1619 dam
396 1577 544 1630 palatii
570 1577 782 1629 Sygiberti
803 1578 910 1628 regis
933 1578 1085 1628 fuerat,
1109 1578 1272 1618 absciso
1295 1579 1448 1631 capite,
1470 1579 1688 1620 interfece-

273 1641 388 1676 runt.
423 1636 504 1677 Sed
532 1640 574 1676 et
599 1637 702 1676 alios
727 1637 898 1686 multos,
918 1637 989 1688 qui
1004 1650 1100 1677 cum
1117 1650 1165 1677 eo
1181 1643 1399 1707 venerant,
1417 1638 1574 1680 crudell
1588 1650 1687 1678 nece

275 1696 519 1744 <diversis>
551 1696 760 1736 mortibus
795 1696 1047 1736 adficerunt.

207 1819 255 1853 25
537 1813 570 1863 f)
606 1814 904 1865 Koniglichc
941 1814 1068 1866 Jagd
1100 1815 1171 1864 (H.
1191 1815 1241 1855 F.
1266 1815 1319 1866 X,
1341 1815 1426 1866 10).

358 1896 482 1936 Anno
501 1896 629 1948 igitur
651 1896 799 1948 quinto
819 1896 981 1938 decimo
1005 1896 1240 1939 Hildeberti
1257 1898 1379 1950 regis,
1401 1897 1472 1950 qui
1490 1902 1554 1938 est
1577 1897 1690 1938 Gun-

278 1955 466 1995 thramni
501 1956 646 1996 VIIII.
683 1960 812 2007 atque
850 1956 964 2005 ΧΧ.,
1000 1956 1102 1998 dum
1136 1956 1224 2009 ipse
1263 1957 1583 1997 Gunthramnus
1616 1969 1690 1996 rex

279 2027 351 2066 per
372 2014 585 2067 Vosagum
606 2015 757 2054 silvam
777 2016 1102 2065 vena[c]tionem
1123 2021 1348 2066 exerceret,
1369 2016 1548 2068 vestigia
1567 2016 1691 2055 occisi

279 2073 424 2114 buvali
443 2072 733 2126 deprehendit.
771 2074 959 2126 Cumque
979 2075 1199 2114 custodem
1219 2075 1320 2115 silve
1341 2075 1504 2115 arthius
1523 2074 1692 2115 distrin-

210 2138 257 2172 30
278 2137 408 2184 geret,
430 2133 522 2184 quis
540 2133 615 2172 hec
633 2133 676 2173 in
694 2133 830 2184 regale
850 2133 956 2173 silva
972 2145 1112 2185 gerere
1132 2134 1427 2186 presumsissit,
1446 2134 1692 2176 Cundonem

281 2191 530 2232 cubilarium
550 2192 656 2243 regis
677 2192 877 2244 prodidit.
922 2193 1013 2246 Quo
1033 2193 1108 2232 hec
1128 2193 1341 2245 loquente,
1362 2193 1483 2233 iussit
1503 2205 1600 2234 eum
1619 2193 1693 2234 ad·

281 2250 483 2303 prehendi
509 2256 551 2291 et
579 2251 843 2291 Cavillonum
868 2257 1127 2304 cunpactum
1153 2252 1197 2292 in
1222 2252 1397 2293 vineolis
1424 2252 1693 2305 dutiumque⁷

282 2315 459 2362 uterque
476 2310 519 2350 in
536 2311 746 2363 presentia
761 2311 866 2362 regis
882 2311 1163 2360 intenderent,
1181 2316 1223 2351 et
1240 2311 1385 2353 Cundo
1402 2310 1558 2353 diceret
1573 2323 1694 2351 num-

286 2382 413 2421 quam
440 2382 464 2408 6
492 2382 533 2408 se
561 2370 663 2409 11660
691 2375 937 2422 presumpta
967 2383 1045 2422 que
1074 2370 1369 2422 opitihanturss,
1396 2383 1468 2410 rex
1495 2382 1694 2424 campum

213 2433 260 2467 35
284 2428 510 2470 deiudicat.
556 2429 673 2468 Tunc
702 2429 981 2469 cubicularius
1010 2429 1091 2479 ille,
1121 2429 1223 2471 dato
1251 2435 1403 2482 nepote
1433 2442 1508 2482 pro
1536 2442 1592 2479 se,
1624 2429 1694 2482 qui

339 2542 353 2562 1
381 2541 795 2576 Darabanensibus
821 2555 856 2577 ιι.
875 2545 909 2577 ἄ.
940 2562 976 2566 -
1006 2541 1021 2562 ²
1047 2544 1366 2586 praeparatos.
1396 2563 1433 2566 —
1462 2542 1477 2563 ³
1500 2542 1693 2577 circum-

285 2595 480 2638 septum.
502 2613 539 2619 ——
562 2595 576 2615 ⁴
600 2594 802 2630 nuntios.
826 2615 862 2619 —
881 2596 896 2617 ⁵
925 2595 972 2629 in
994 2594 1183 2640 ospicio.
1211 2616 1247 2620 —
1275 2595 1290 2617 ὅ
1310 2594 1694 2631 Merovechum.-—-

288 2647 302 2668 ⁷
329 2647 446 2683 duci.
475 2647 688 2692 Cumque.
722 2668 758 2672 -—
794 2649 807 2669 ⁸
832 2647 1173 2683 obiciebantur.
