1786 3016
0 2487 14 2575 νῆ’-ις·
0 2474 3 2482 ⁷

719 201 930 244 „17-

35 359 39 361 .
102 323 243 373 truite
259 323 512 379 praesumit,
535 335 766 376 omnesque
789 322 870 365 diis
891 321 1189 363 inmortalibus
1211 321 1418 362 sacrificia
1438 320 1543 361 coti-

110 384 243 429 diana
255 381 449 429 delibant
465 387 635 436 praeter
661 387 827 436 septem
843 381 972 432 viros,
992 393 1098 434 quos
1114 381 1240 422 unico
1257 381 1416 421 affecto
1432 379 1542 421 fovis

29 464 39 490 ;Ἰ
95 441 344 498 αῦῶἥςὶθῖ
380 442 544 497 Quibus
558 443 791 496 imperator
805 442 887 482 ait:
904 441 961 482 Et
977 441 1050 494 qui
1063 445 1164 481 sunt
1178 440 1271 481 illi?
1302 440 1544 493 Responde-

48 551 50 553 ,
110 506 237 549 runt:
253 502 556 553 Maximianus,
576 502 691 543 silius
711 501 931 555 praefecti,
952 513 1051 542 cum
1071 499 1328 541 satellitibus
1348 500 1448 540 suis.
1486 499 1544 540 Et

112 562 278 614 statim,
309 563 478 604 furente
509 562 782 615 imperatore,
816 561 981 601 onerati
1013 561 1124 600 ferro
1156 559 1334 602 adducti
1365 564 1467 600 sunt
1498 559 1543 600 in
1564 563 1586 599 5

111 623 344 676 conspectu
359 622 463 673 eius,
479 622 668 662 suffusus
683 621 891 662 habentes
907 621 1053 662 vultus
1067 620 1251 660 lacrimis
1266 624 1310 660 et
1324 619 1544 672 pulverem

113 695 241 737 super
259 683 405 736 capita
425 694 516 732 sua,
537 682 648 722 sicut
668 682 839 721 fuerant
859 681 903 721 in
924 685 1156 734 conspectu
1180 679 1352 720 Domini
1372 679 1546 732 deprae-

112 746 275 784 cantes.
316 742 432 796 Quos
448 741 620 782 intuens
637 741 870 794 imperator
887 740 969 781 ait:
987 741 1182 782 Tantane
1201 752 1277 780 vos
1295 739 1436 780 tenuit
1454 751 1546 791 per-

113 801 219 843 fidia
235 802 392 842 mentis
411 814 584 855 pravae,
602 806 652 842 ut
670 800 866 843 audeatis
883 801 1040 841 nostris
1067 799 1310 840 nominibus
1337 798 1546 839 contraire

115 861 500 915 inmortalibusque
526 860 606 904 diis
632 860 779 903 debita
804 860 1055 901 holocausta
1080 872 1166 900 non
1191 859 1398 901 reddere?
1441 858 1547 899 Dico
1569 863 1618 898 10

114 921 230 963 enim
245 921 368 962 vohis
384 934 458 975 per
473 920 652 974 gloriam
668 933 823 971 meam,
843 920 943 973 quia
958 919 1184 973 experietis
1202 918 1370 961 diversa
1394 930 1548 971 genera

113 985 427 1023 tormentorum
453 993 530 1034 pro
552 985 803 1034 contemptu
825 980 1002 1023 deorum
1027 984 1284 1020 nostrorum.
1307 977 1549 1031 Responde-

115 1045 218 1082 runt
236 1040 332 1092 viri,
353 1040 563 1083 dicentes:
587 1040 701 1081 Deus
720 1045 866 1081 noster
885 1053 995 1080 unus
1016 1044 1059 1080 et
1080 1052 1204 1079 verus
1224 1043 1303 1089 est,
1323 1039 1412 1091 ipse
1435 1038 1549 1078 Deus

116 1099 284 1142 creator
310 1099 416 1141 coeli
442 1105 666 1153 terraeque
695 1105 739 1140 et
768 1100 911 1150 maris,
940 1100 1009 1140 cui
1036 1111 1113 1140 nos
1142 1098 1338 1141 debitum
1366 1097 1548 1139 cotidiae

115 1159 256 1206 laudis
277 1160 534 1201 sacrificium
554 1159 827 1210 inmolamus,
850 1172 926 1213 pro
948 1160 1068 1200 cuius
1089 1159 1260 1199 nomine
1282 1163 1325 1198 et
1347 1158 1455 1198 mori
1476 1169 1550 1211 pa·
1572 1161 1620 1197 15
1640 1175 1644 1181 ·

116 1220 202 1262 rati
218 1232 380 1262 sumus,
407 1219 591 1260 Nomina
615 1232 730 1270 vero,
757 1232 865 1273 quae
889 1219 1012 1260 nobis
1036 1219 1155 1259 velut
1179 1218 1357 1260 deorum
1379 1218 1550 1258 nomine

118 1292 268 1333 argues
288 1279 480 1331 adorare,
501 1279 606 1320 nihil
627 1292 798 1333 prorsus
819 1292 907 1319 esse
929 1279 1143 1329 novimus,
1167 1278 1280 1331 quia,
1302 1290 1400 1318 cum
1420 1289 1552 1317 mem-

118 1339 204 1387 bris
219 1339 306 1381 sint
320 1339 537 1381 artificum
552 1344 643 1380 arte
659 1339 878 1390 distincta,
894 1339 1060 1379 nullum
1075 1338 1247 1392 vigendi
1262 1350 1387 1379 usum
1402 1349 1551 1390 capere

118 1404 320 1453 possunt3
337 1399 519 1454 ideoque
538 1404 581 1440 et
603 1399 675 1452 qui
693 1399 877 1440 adorant
895 1412 946 1439 ea
965 1399 1173 1452 profetica
1192 1398 1411 1438 sanctione
1431 1397 1551 1449 dam-

118 1464 293 1511 nantur,
319 1465 371 1500 ut
397 1459 544 1500 similis
570 1459 652 1500 illis
678 1459 789 1500 fiant
815 1464 908 1500 tam
934 1459 1117 1499 factores
1147 1471 1276 1511 quam
1303 1457 1551 1500 adoratores
1575 1461 1624 1496 20

119 1532 281 1560 eorum.
350 1563 353 1566 Α

203 1578 241 1620 3.
271 1577 391 1620 Tunc
417 1579 651 1632 imperator
677 1578 836 1629 furens,
864 1578 1038 1619 semotis
1067 1577 1280 1628 omnibus,
1308 1577 1441 1620 dixit:
1468 1576 1554 1617 Ab·

121 1638 286 1690 scidite,
316 1651 341 1679 o
369 1639 570 1690 furciferi,
601 1651 626 1679 a
654 1638 790 1679 nostri
832 1639 1060 1692 presentia,
1100 1638 1233 1680 donec
1273 1642 1447 1690 agentes
1477 1649 1554 1690 pro

121 1698 416 1740 contumaciae
441 1698 567 1739 huius
592 1698 744 1739 scelere
771 1698 1096 1751 paenitentiam,
1121 1697 1387 1751 recipiamini
1411 1697 1456 1737 in
1480 1709 1555 1749 pa-

121 1758 227 1800 latio
243 1763 404 1809 nostro,
421 1758 767 1811 reconciliatique
785 1758 962 1801 deorum
980 1758 1265 1808 miseratione,
1284 1757 1434 1798 florem
1451 1756 1555 1799 adu·
1577 1760 1626 1795 25

123 1816 350 1860 lescentiae
377 1818 669 1872 perfruamini,
699 1819 798 1871 quia
824 1831 910 1858 non
937 1818 1059 1861 decet
1085 1822 1256 1858 tantam
1282 1821 1556 1857 venustatem

123 1891 173 1919 ac
206 1878 568 1932 pulchritudinem
602 1879 788 1930 corporis
823 1878 949 1920 subdi
982 1878 1223 1919 tormentis.
1276 1877 1332 1917 Et
1368 1877 1557 1917 discusso

123 1938 234 1979 ferro
249 1950 275 1979 a
290 1938 399 1979 collo
414 1950 575 1989 eorum,
591 1939 715 1979 iussit
731 1951 802 1979 eos
818 1937 963 1978 habire
979 1938 1148 1988 liberos,
1165 1937 1298 1978 donec
1315 1938 1403 1990 ipse
1419 1949 1558 1976 rever-

122 2002 287 2039 teretur
309 1998 365 2041 ad
390 1998 622 2052 Ephesum.
661 1998 852 2051 Accepta
874 1998 1022 2051 itaque
1046 2002 1211 2051 septem
1235 1997 1315 2038 viri
1338 1997 1558 2050 indulgen-

124 2058 233 2099 tiam
255 2057 456 2110 abeundi,
480 2058 723 2100 discedente
746 2059 1002 2111 imperatore
1026 2058 1081 2100 ad
1105 2058 1233 2098 aliam
1255 2057 1420 2107 urbem,
1444 2057 1558 2097 abie-
1581 2060 1628 2096 30

124 2122 227 2159 runt
251 2118 306 2161 ad
330 2118 480 2161 domos
505 2131 617 2168 suas,
642 2118 920 2171 inspectoque
945 2118 1156 2171 praesidio
1180 2118 1347 2167 domus,
1373 2116 1559 2157 abstule-

125 2182 229 2219 runt
254 2190 407 2219 aurum
433 2182 743 2231 argentumque
769 2182 813 2218 et
838 2178 1098 2219 vestimenta
1124 2182 1364 2230 cunctaque
1392 2176 1559 2230 suppel-

127 2236 326 2278 lectilem.
365 2238 483 2292 Quae
501 2237 733 2280 distributa
749 2238 1022 2291 pauperibus,
1041 2238 1238 2278 abierunt
1254 2237 1298 2277 in
1314 2237 1560 2290 speluncam

128 2297 287 2338 montis
323 2298 517 2348 Achillei,
556 2303 778 2351 portantes
817 2311 960 2339 secum
998 2310 1226 2351 parumper
1264 2297 1467 2350 pecuniae
1505 2296 1560 2337 ad

129 2357 354 2400 emendam
387 2358 528 2399 victus
561 2358 875 2408 necessitatem,
909 2358 1210 2411 elegeruntque
1246 2356 1477 2407 Malchum,
1511 2361 1560 2397 ut
1584 2360 1631 2396 35

129 2416 277 2458 abiens
303 2417 414 2458 clam
441 2419 484 2459 in
511 2417 675 2468 urbem,
704 2417 819 2458 cibos
847 2424 1020 2468 emeret,
1044 2417 1321 2467 abscultaret,
1341 2417 1562 2470 quaelim-

130 2481 302 2531 perator
325 2477 377 2518 de
402 2477 643 2519 christianis
668 2478 885 2518 cotidiana
910 2478 1128 2518 sanctione
1154 2478 1412 2518 decerneret.

213 2537 252 2578 4.
285 2537 463 2578 Inclusis
493 2538 624 2591 igitur
655 2539 813 2578 sanctis
846 2537 926 2578 sub
957 2550 1143 2578 carceres
1176 2537 1335 2590 privati
1367 2535 1562 2577 custodia

131 2609 181 2637 ac
212 2597 255 2638 in
288 2597 460 2639 assidua
491 2599 681 2638 oratione
714 2597 984 2647 vacantibus,
1018 2598 1300 2650 nequissimus
1332 2597 1563 2650 imperator

233 2676 247 2698 ¹
274 2675 669 2722 auscultaretque
698 2675 832 2722 quod.

205 2755 374 2790 Sammlung
392 2755 544 2791 vulgarlat.
560 2756 658 2784 Texta.
678 2757 706 2783 6.
1407 2754 1424 2782 2
