1786 3016
720 205 933 247 ...27-

103 322 147 379 c)
180 321 399 378 Synode
437 335 544 364 von
581 323 792 366 Macon:
842 326 946 367 Das
979 325 1129 367 Weib
1170 325 1257 367 ein
1287 327 1538 368 Mensch?

615 384 695 438 (H.
716 385 765 426 F.
792 385 921 436 VIII,
943 385 1036 437 20).

187 465 358 508 Extetit
374 466 488 510 enim
503 466 548 508 in
565 467 646 508 hac
663 467 812 511 sinodo
832 469 1007 522 quidam
1025 482 1077 509 ex
1095 469 1317 523 episcopis,
1337 469 1409 523 qui
1427 469 1536 511 dice-

15 523 69 572 ἕ
103 524 182 569 bat
205 525 426 567 mulierem
451 527 667 569 hominem
692 540 779 568 non
803 541 926 581 posse
952 528 1157 569 vocitare,
1201 528 1284 570 Sed
1308 533 1455 570 tamen
1481 529 1550 573 ab„

5 1085 14 1109 ›—

11 1273 16 1292 .-
0 1135 21 1229 ᾼΪΣ,’”

38 691 42 696 ,

6 778 35 979 ἔ

103 584 311 640 episcopis
338 585 552 627 racionem
581 592 758 640 accepta
790 587 967 641 quievit,
998 601 1047 628 eo
1079 587 1193 641 quod
1222 601 1339 629 sacer
1369 587 1533 630 Veteris
1556 594 1577 629 5

103 645 371 686 Testamenti
386 644 494 687 liber
512 645 705 698 edoceat,
727 647 841 700 quod
861 647 906 688 in
925 647 1147 701 principio,
1170 648 1303 689 Deus1
1321 648 1536 691 hominem

103 709 291 757 creante,
318 705 401 746 ait:
431 706 684 749 ‘Masculum
712 712 755 747 et
783 708 943 748 femina
971 708 1134 748 creavit
1163 720 1248 759 eos,
1277 707 1536 761 vocavitque

103 767 262 807 nomen
289 777 438 806 eorum
467 765 623 817 Adam,
657 766 771 819 quod
802 772 866 807 est
896 767 1025 808 homo
1054 772 1269 819 terrenus3
1299 768 1538 820 secutique²

104 837 264 866 vocans
280 825 500 866 mulierem
519 826 664 877 Euua3
681 831 913 879 utrumque
931 827 1044 867 enim
1061 827 1277 869 hominem
1295 827 1418 870 dixit.
1455 827 1538 870 Sed

83 889 148 926 ‘et
174 883 372 928 dominus
402 885 519 926 Iesus
546 885 740 927 Christus
767 886 822 927 ob
849 887 928 927 hoc
955 887 1173 928 vocitatur
1199 887 1312 928 filius
1339 887 1537 938 hominis,
1560 893 1608 927 10

107 943 223 998 quod
237 944 294 985 sit
309 943 424 986 filius
439 944 629 998 virginis,
653 946 697 988 id
722 950 787 986 est
811 946 1013 988 mulieris.
1044 947 1112 989 Ad
1131 959 1274 1000 quam,
1291 960 1388 988 cum
1403 960 1538 1001 aquas

104 1003 150 1046 in
163 1003 266 1045 vina
278 1004 509 1046 transferre
525 1011 710 1059 pararet,
727 1006 808 1047 ait:
826 1009 835 1023 ‘
847 1007 959 1060 Quid
973 1006 1079 1047 mihi
1093 1012 1136 1047 et
1150 1007 1232 1048 tibi
1245 1012 1325 1058 est,
1340 1007 1490 1048 mulier
1506 1008 1536 1048 ?’

105 1068 149 1106 et
168 1063 346 1119 reliqua.
383 1065 616 1118 Multisque
637 1070 681 1107 et
701 1066 795 1107 aliis
815 1067 1073 1109 testimoniis
1093 1067 1170 1108 hec
1191 1080 1319 1108 causa
1340 1067 1538 1108 convicta

107 1123 286 1178 quievit.
327 1124 602 1166 pretextatus
626 1139 742 1177 vero,
770 1127 1095 1180 Rotomagensis
1119 1126 1356 1180 episcopus,
1381 1127 1539 1168 oracio-

104 1183 186 1235 nis,
205 1196 310 1237 quas
326 1183 371 1225 in
387 1185 536 1226 exsilio
553 1185 717 1238 positus
735 1186 923 1239 scalpsit,
940 1199 1084 1228 coram
1101 1187 1308 1240 episcopis
1324 1186 1537 1228 recitavit.
1561 1191 1609 1227 15

112 1243 204 1298 Que
223 1243 481 1298 quibusdam
501 1245 674 1299 quidem
691 1246 966 1299 placuerunt3
984 1260 1009 1288 a
1029 1246 1287 1300 quibusdam
1304 1260 1419 1298 vero,
1440 1247 1539 1300 quia

104 1307 244 1346 artem
286 1308 457 1346 secutus
500 1305 674 1346 minime
718 1307 874 1357 fuerat,
917 1306 1343 1360 reprehindebantur.
1407 1307 1538 1348 Stilus

105 1367 254 1406 tamen
285 1376 360 1418 per
390 1363 485 1406 loca
517 1364 826 1407 ecclesiasticus
858 1371 901 1407 et
933 1366 1203 1408 racionabilis
1235 1372 1341 1408 erat.
1390 1367 1539 1410 Caedis

106 1423 220 1464 enim
248 1436 406 1477 magna
433 1429 539 1466 tunc
567 1425 680 1466 inter
708 1425 895 1467 famulus
927 1427 1057 1467 Prisci
1086 1426 1274 1481 episcopi
1302 1432 1346 1468 et
1375 1426 1539 1470 Leudo-

105 1483 247 1537 ghisili
272 1483 392 1527 ducis
418 1484 516 1526 fuit.
561 1485 728 1526 Priscus
754 1490 902 1527 tamen
928 1487 1152 1541 episcopus
1179 1487 1235 1529 ad
1262 1487 1539 1529 coemendam
1562 1492 1610 1526 20

106 1556 258 1598 pacem
279 1543 467 1586 multum
489 1545 670 1599 pecunie
692 1546 882 1587 obtullit.

583 1665 621 1706 2.
648 1665 737 1706 Von
755 1665 833 1706 den
852 1666 1056 1718 Konigen.

314 1732 358 1782 a)
391 1728 797 1774 Theudebalds
825 1733 971 1775 Ende
1007 1734 1150 1787 (H.F.
1170 1734 1250 1785 IV,
1274 1733 1338 1785 9).

191 1813 525 1857 Theodovaldus
562 1829 679 1867 vero,
727 1830 824 1858 cum
871 1817 957 1857 iam
1004 1816 1178 1859 adultus
1226 1823 1350 1868 esset,
1389 1817 1541 1860 Valde-

108 1873 310 1917 thraciam
339 1873 465 1917 duxit
491 1888 684 1916 uxorem.
734 1876 858 1917 Hunc
886 1876 1240 1920 Theodovaldum
1268 1879 1412 1919 ferunt
1439 1877 1542 1918 mali
1563 1883 1611 1918 25

109 1932 238 1974 fuisse
253 1933 426 1987 ingenii,
442 1934 505 1975 ita
521 1939 570 1976 ut
586 1935 721 1977 iratus
738 1936 922 1987 cuidam,
942 1950 1068 1990 quem
1085 1942 1331 1991 suspectum
1348 1937 1399 1980 de
1415 1937 1541 1979 rebus

109 1993 196 2034 suis
216 1993 422 2046 habebat,
444 1994 637 2036 fabulam
658 1996 854 2049 fingeret,
877 1997 1042 2039 dicens:
1067 2011 1083 2037 «
1106 1998 1286 2050 Serpens
1307 1997 1541 2051 ampullam

108 2052 211 2094 vino
240 2053 411 2107 plenam
439 2055 641 2109 repperit.
690 2056 768 2096 Per
796 2056 922 2097 huius
952 2057 1064 2097 enim
1095 2070 1140 2098 os
1169 2057 1394 2111 ingressus,
1427 2057 1542 2125 quod

108 2112 226 2154 intus
252 2113 495 2155 habebatur
521 2115 674 2158 avidus
701 2116 859 2157 hausit.
902 2117 941 2156 A
970 2130 1054 2169 quo
1080 2117 1258 2159 inflatus
1286 2119 1400 2168 vino,
1428 2118 1541 2158 exire

110 2185 185 2226 per
202 2172 384 2225 aditum,
405 2187 490 2228 quo
507 2175 718 2228 ingressus
738 2176 893 2227 fuerat,
912 2189 998 2218 non
1018 2177 1204 2218 valebat.
1240 2178 1422 2219 Veniens
1441 2190 1541 2218 vero
1564 2183 1612 2218 30

110 2232 201 2274 vini
221 2233 434 2286 dominus,
456 2248 554 2276 cum
576 2235 644 2276 ille
667 2236 779 2276 exire
801 2237 1010 2278 niteretur
1030 2251 1106 2278 nec
1129 2238 1277 2290 possit,
1300 2238 1361 2278 ait
1383 2238 1437 2280 ad
1459 2251 1542 2278 ser-

111 2297 306 2346 pentem:
329 2306 346 2333 «
368 2294 531 2335 Evome
553 2296 669 2348 prius
693 2297 807 2348 quod
829 2296 1076 2349 ingluttisti,
1099 2303 1142 2338 et
1163 2303 1267 2339 tunc
1289 2298 1447 2351 poteris
1469 2298 1542 2338 ab·

111 2352 271 2395 scidere
295 2353 415 2396 liber.
443 2367 461 2395 »
492 2355 609 2408 Quae
636 2356 783 2397 fabula
810 2369 1013 2410 magnum
1040 2357 1078 2397 ei
1102 2357 1301 2398 timorem
1327 2363 1370 2398 et
1397 2358 1542 2400 odium

111 2413 400 2466 praeparavit.
440 2414 528 2456 Sub
549 2415 674 2456 huius
694 2420 886 2469 tempore
907 2430 1013 2457 uvas
1034 2417 1077 2465 in
1098 2417 1246 2458 arbore
1269 2431 1397 2471 quam
1417 2431 1543 2459 savu-

111 2484 210 2513 cum
237 2485 441 2515 vocamus
469 2474 631 2528 absque
660 2475 760 2516 vitis
789 2476 1086 2517 coniunctione
1115 2482 1240 2518 natas
1271 2478 1470 2528 vidimus⁷
1500 2483 1541 2518 et
1565 2482 1612 2518 35

111 2531 237 2573 flores
257 2532 446 2586 ipsorum
466 2535 682 2586 arborum,
704 2549 811 2589 quae
831 2537 964 2577 nostis
984 2542 1034 2577 ut
1053 2538 1189 2590 nigra³
1206 2551 1339 2590 grana
1358 2538 1542 2591 proferre

213 2665 229 2688 ¹
256 2665 363 2703 Deo.
394 2687 432 2692 -
464 2666 480 2688 ²
504 2667 570 2703 sic
596 2667 774 2714 utique.
803 2687 850 2693 —
877 2669 892 2691 ³
920 2679 1036 2715 quae
1059 2669 1190 2716 nigra
1234 2671 1286 2706 ut
1307 2670 1474 2706 nostis.
