1786 3016
882 277 951 282 -.
970 253 1023 294 56
1055 278 1110 283 -

1497 333 1511 350 Ι

283 369 397 420 sileo,
420 369 532 422 quod
558 370 782 422 Rigunthis
802 371 959 423 regina,
980 371 1207 413 condolens
1228 371 1442 413 doloribus
1461 372 1578 424 meis,
1597 372 1700 416 ieiu-

283 428 402 468 nium
428 441 525 469 cum
551 429 666 469 omni
692 429 818 469 domo
845 443 921 470 sua
946 430 1191 481 celebravit,
1221 444 1439 484 quousque
1465 445 1569 486 puer
1592 446 1702 474 nun-

283 487 425 538 tiaret,
443 500 510 527 me
528 488 670 529 omnia
687 489 744 528 sic
761 489 969 541 implesse,
987 495 1037 530 ut
1054 490 1224 531 fuerant
1240 490 1453 531 instituta.
1488 491 1624 544 Igitur
1637 504 1701 533 re—

282 547 411 599 gressi
434 547 673 587 sacerdotes
696 547 751 589 ad
772 561 926 600 regem,
950 549 1090 589 aiunt:
1115 561 1132 588 «
1157 549 1338 602 Impleta
1360 555 1460 591 sunt
1482 549 1624 592 omnia
1646 550 1701 592 ab

244 611 264 645 5
286 606 482 658 episcopo
501 619 607 658 quae
625 607 834 659 imperata
852 612 964 648 sunt.
1000 609 1035 649 Ο
1052 621 1140 658 rex,
1161 608 1261 661 quid
1279 622 1391 649 nunc
1408 609 1463 652 ad
1479 614 1538 660 te,
1555 609 1636 651 nisi
1651 614 1702 652 ut

285 677 382 704 curn
406 665 686 705 Berthramno
708 671 953 706 accusatore
974 667 1117 707 fratris
1139 668 1433 708 communione
1455 669 1664 722 priveris?
1686 682 1704 710 »

287 723 343 763 Et
358 723 447 764 ille:
467 737 483 763 «
501 725 610 775 Non,
627 724 781 777 inquit,
799 737 875 777 ego
892 725 972 765 nisi
988 726 1136 766 audita
1153 726 1336 767 narravi.
1355 740 1372 767 »
1394 727 1702 780 Quaerentibus

285 782 380 832 illis,
405 783 497 835 quis
517 783 596 823 hoc
617 783 784 834 dixerit,
805 784 1037 837 respondit,
1059 798 1100 825 se
1122 785 1225 826 haec
1245 799 1270 825 a
1290 786 1500 828 Leudaste
1521 786 1701 829 audisse.

289 841 362 894 llle
390 847 533 882 autem
561 843 792 883 secundum
819 843 1115 884 infirmitatem
1142 845 1209 884 vel
1235 845 1396 886 consilii
1422 845 1489 885 vel
1515 845 1703 900 proposi-

218 906 265 939 10
287 900 414 940 tionis
433 914 533 942 suae
549 901 634 941 iam
653 902 797 954 fugam
814 902 1009 942 inhierat.
1044 904 1162 943 Tunc
1180 904 1340 956 placuit
1358 904 1553 945 omnibus
1570 917 1703 946 sacer-

288 959 459 1000 dotibus
483 965 532 1000 ut
555 966 670 1000 sator
694 961 895 1011 scandali,
920 962 1129 1002 infitiator
1151 963 1332 1015 reginae,
1355 968 1576 1004 accusator
1597 964 1704 1018 epis-

288 1019 397 1071 copi,
418 1019 473 1059 ab
495 1020 689 1060 omnibus
710 1026 922 1060 arceretur
941 1021 1123 1061 ecclesiis
1144 1034 1192 1062 eo
1215 1022 1328 1074 quod
1348 1036 1390 1062 se
1411 1022 1466 1063 ab
1486 1023 1704 1065 audientia

289 1077 583 1119 subtraxisset.
625 1079 746 1121 Unde
769 1085 812 1119 et
835 1080 1059 1132 epistolam
1081 1081 1364 1134 subscriptam
1385 1081 1477 1122 aliis
1499 1082 1704 1136 episcopis

291 1137 363 1189 qui
378 1150 463 1177 non
481 1138 707 1178 adfuerant
724 1139 1063 1180 transmiserunt.
1099 1140 1154 1180 Et
1172 1140 1230 1180 sic
1246 1141 1536 1194 unusquisque
1553 1141 1596 1182 in
1612 1141 1704 1182 loco

221 1201 267 1235 15
288 1208 366 1236 suo
394 1202 603 1248 regressus
632 1202 709 1237 est.
756 1198 979 1238 Leudastis
1008 1211 1107 1238 vero
1136 1199 1239 1239 haec
1267 1200 1457 1251 audiens,
1486 1200 1705 1241 basilicam

291 1256 427 1295 sancti
442 1256 556 1296 Petri
571 1256 753 1297 Parisius
767 1257 958 1309 expetiit.
978 1258 1059 1298 Sed
1073 1271 1169 1299 cum
1184 1258 1371 1300 audisset
1384 1258 1571 1300 edictum
1583 1259 1705 1312 regis,

291 1319 340 1354 ut
358 1314 401 1354 in
420 1327 495 1354 suo
513 1328 640 1367 regno
659 1328 684 1355 a
702 1316 817 1356 nullo
836 1316 1114 1369 colligeretur,
1133 1323 1176 1358 et
1196 1318 1442 1370 praesertim
1462 1318 1574 1371 quod
1593 1318 1705 1359 filius

291 1373 394 1424 eius,
414 1386 539 1426 quem
556 1374 670 1414 domi
686 1375 927 1427 reliquerat,
945 1375 1115 1426 obisset,
1133 1370 1324 1417 Turonus
1341 1378 1502 1418 occulte
1519 1378 1704 1428 veniens,

294 1445 402 1484 quae
422 1433 570 1473 melius
590 1434 742 1474 habuit
762 1434 805 1474 in
828 1434 1016 1475 Biturico
1035 1436 1313 1488 transposuit.
1350 1436 1705 1489 prosequentibus

223 1497 270 1530 20
293 1504 392 1531 vero
411 1492 620 1559 regalibus
640 1493 792 1545 pueriS,
811 1493 900 1546 ipse
920 1508 992 1547 per
1011 1495 1156 1547 fugam
1175 1494 1345 1536 labitur.
1381 1496 1518 1549 Capta
1538 1508 1705 1548 quoque

293 1563 422 1590 uxore
438 1551 540 1602 eius,
556 1552 599 1592 in
625 1565 732 1604 pago
748 1553 1003 1594 Tornacensi
1028 1554 1151 1594 exilio
1166 1554 1408 1595 recluditur.
1440 1555 1499 1596 At
1519 1555 1706 1596 Riculfus

293 1609 466 1650 clericus
498 1584 552 1650 ad
583 1611 924 1652 interficiendum
956 1613 1212 1674 deputatur.
1252 1614 1331 1654 Pro
1362 1614 1480 1654 cuius
1511 1614 1604 1655 vita
1632 1614 1706 1654 vix

295 1668 474 1719 obtinui,
494 1675 638 1710 tamen
658 1670 708 1710 de
727 1672 952 1711 tormentis
970 1685 1168 1712 excusare
1188 1685 1272 1713 non
1292 1673 1425 1726 potui.
1463 1673 1573 1714 Nam
1590 1673 1706 1714 nulla

284 1738 372 1778 res,
399 1729 562 1769 nullum
588 1730 808 1770 metallum
834 1735 958 1770 tanta
983 1731 1158 1771 verbera
1185 1732 1326 1784 potuit
1352 1733 1571 1783 sustinere,
1597 1732 1707 1773 sicut
1758 1775 1761 1777 ,

225 1792 272 1826 25
295 1786 362 1827 hic
377 1788 646 1828 miserrimus.
681 1789 789 1829 Nam
806 1790 860 1829 ab
876 1790 978 1830 hora
993 1791 1120 1831 tertia
1137 1791 1232 1841 diei,
1248 1791 1447 1832 revinctis
1463 1796 1707 1844 postergum

295 1846 506 1897 manibus,
536 1853 735 1888 extensus
764 1848 819 1888 ad
848 1849 1039 1899 trocleas,
1069 1850 1326 1891 caedebatur
1354 1850 1551 1902 fustibus,
1580 1851 1708 1903 virgis

295 1917 344 1945 ac
358 1905 455 1946 loris
471 1907 721 1959 duplicibus,
737 1913 780 1947 et
794 1920 878 1948 non
894 1908 949 1948 ab
963 1921 1047 1949 uno
1062 1909 1128 1949 vel
1145 1909 1324 1959 duobus,
1340 1909 1412 1950 sed
1429 1909 1579 1963 quanti
1592 1922 1708 1950 acce-

297 1964 393 2004 dere
425 1965 534 2006 circa
566 1966 783 2006 miserum1
814 1973 1046 2019 potuerunt
1078 1974 1210 2018 artus,
1242 1969 1325 2009 toti
1356 1981 1541 2010 caesores
1572 1973 1706 2009 erant.

297 2023 403 2064 Cum
425 2030 570 2065 autem
591 2026 676 2065 iam
699 2026 742 2066 in
765 2026 1002 2067 discrimine
1025 2033 1148 2078 esset,
1171 2033 1274 2068 tunc
1296 2028 1462 2081 aperuit
1483 2027 1707 2069 veritatem

228 2088 275 2121 30
298 2087 341 2122 et
374 2084 557 2124 archana
593 2084 678 2124 doli
712 2084 876 2137 publice
910 2086 1124 2138 patefecit.
1185 2086 1364 2127 Dicebat
1397 2087 1508 2128 enim
1542 2086 1596 2127 ob
1629 2086 1708 2128 hoc

296 2141 462 2193 reginae
497 2143 653 2183 crimen
690 2144 915 2194 obiectu-m,
952 2151 1015 2195 ut,
1059 2146 1192 2186 eiecta
1224 2145 1276 2187 de
1301 2158 1442 2199 regno,
1476 2146 1708 2187 interfectis

298 2200 515 2252 fratribus,
560 2202 877 2244 Chl'odovechus
908 2217 1082 2256 regnum
1115 2203 1335 2257 acciperet,
1379 2204 1600 2246 Leudastis
1632 2204 1708 2245 du-

298 2264 457 2310 catum,
503 2261 690 2302 Riculfus
725 2275 824 2302 vero
852 2263 1070 2315 presbiter,
1108 2264 1179 2316 qui
1215 2264 1300 2304 iam
1327 2277 1351 2304 a
1378 2269 1567 2318 tempore
1594 2263 1709 2304 beati

301 2318 492 2359 Eufronii
540 2321 724 2373 episcopi
760 2322 919 2362 amicus
955 2328 1046 2363 erat
1081 2322 1375 2374 Chlodovechi,
1417 2324 1709 2376 episcopatum

230 2383 277 2416 35
299 2377 553 2419 Turonicum
596 2380 790 2430 ambiret,
833 2381 928 2421 huic
971 2382 1134 2422 Riculfo
1179 2382 1327 2423 clerico
1364 2383 1709 2423 archidiaconatu

301 2437 591 2488 promisso..
628 2470 637 2478 .
675 2471 683 2479 .
721 2471 730 2479 .
779 2440 1000 2480 Leudastis
1048 2453 1147 2480 vero
1192 2441 1235 2481 in
1284 2441 1474 2494 Biturigo
1520 2446 1708 2495 pergens,

301 2507 444 2536 omnes
492 2497 712 2596 tiliesauros
760 2511 863 2550 quos
911 2499 962 2539 de
1003 2500 1144 2552 spoliis
1184 2513 1417 2582 pauperum
1467 2501 1709 2542 detraxerat

302 2567 441 2594 secum
467 2561 514 2596 tu
533 2557 567 2596 it

401 2679 414 2700 ¹
443 2681 569 2716 miseri
601 2694 709 2718 verm.
743 2682 899 2718 Bonnet.
