1786 3016
157 404 162 405 ⁷
403 363 406 365 ’
427 345 694 399 litterarum
719 367 745 396 a
769 354 906 405 nobis,
933 367 1011 395 nec
1035 353 1342 408 repperi[ri]tur
1367 353 1413 394 in
1438 367 1513 408 po-

175 411 195 476 'J
212 407 263 474 ‘fo
292 414 294 418 ’
312 414 457 477 ΜΒ
483 414 728 470 praesencia
754 414 1023 468 promulgare
1052 414 1187 467 possit
1213 414 1258 454 in
1286 413 1514 467 paginis.»

392 481 526 530 atque
556 479 602 516 et
631 474 697 515 his
727 473 883 515 similia
912 473 1066 527 iugiter
1096 473 1268 514 intuens
1299 473 1403 524 dixi,
1435 486 1512 527 pro

255 544 258 547 ·
293 535 489 577 oracione
527 533 871 588 praeteritorum,
910 539 960 574 ut
997 533 1203 574 noticiam
1241 532 1514 587 adtingerent

81 594 348 648 venientum,
372 596 454 637 etsi
476 594 643 636 incultu
667 594 820 644 effatu,
845 593 1029 646 nequevi
1052 598 1199 633 tamen
1225 593 1422 646 obtegere
1446 593 1515 634 vel
1537 597 1558 633 5

36 677 40 681 ’
63 698 65 703 ,
82 657 368 705 θεη<αωθῃ>
388 654 731 708 flaagiciosorum
751 653 848 703 <vel
865 653 1032 702 vitam>
1053 658 1166 693 recte
1183 652 1445 704 viventium;
1471 657 1515 693 et

29 714 34 742 ³
51 726 54 731 ·
82 714 334 771 praesertim
353 715 419 756 his
439 714 628 756 inlicitus
650 713 847 763 stimulis,
871 713 986 765 quod
1007 726 1033 753 a
1053 712 1209 753 nostris
1230 712 1311 752 fari
1332 713 1516 766 plerum·

83 786 167 831 que
184 773 366 816 miratus
385 787 495 825 sum,
517 774 616 827 quia
636 745 1010 826 philosophantem
1029 773 1243 814 rhetorem
1262 772 1516 825 intellegunt

47 867 49 869 -
82 835 224 890 pauci,
246 834 495 888 loquentem
517 833 726 875 rusticum
749 833 888 873 multi.
922 865 931 873 .
950 865 958 872 .
978 864 986 872 .
1005 864 1013 872 .
1045 832 1161 885 prius
1184 832 1355 872 veniam
1377 832 1516 884 legen-

82 894 202 937 tibus
225 906 399 949 praecor
422 894 457 935 si
480 898 557 935 aut
579 893 624 934 in
646 893 801 933 litteris
825 897 902 933 aut
925 893 968 932 in
993 891 1167 945 syllabis
1190 892 1516 944 grammaticam
1538 896 1587 931 10

84 959 224 996 artem
250 966 483 1004 excessero,
513 953 564 995 de
595 958 686 1006 qua‘
708 952 920 1006 adpaenel
947 965 1035 992 non
1062 964 1157 992 sum
1185 951 1383 1002 inbutus;
1412 951 1517 994 illud

84 1017 261 1056 tantum
287 1013 479 1064 studens,
509 1017 559 1054 ut
590 1012 704 1066 quod
733 1012 776 1052 in
805 1012 955 1052 eclesia
984 1011 1098 1054 credi
1127 1011 1399 1064 praedicatur
1429 1011 1517 1051 sine

86 1073 232 1128 aliquo
249 1073 351 1127 fugo
370 1077 448 1114 aut
467 1072 604 1115 cordis
624 1071 908 1112 haesitatione
928 1076 1159 1121 reteneam‚
1183 1071 1283 1124 quia
1302 1071 1402 1122 scio,
1423 1084 1519 1124 pec·

85 1133 195 1175 catis
204 1132 439 1177 obnoxium
450 1145 524 1186 per
538 1131 836 1174 eredulitatem
848 1144 999 1185 puram
1013 1131 1203 1172 obtinere
1215 1143 1336 1184 posse
1349 1131 1519 1171 veniam

86 1191 204 1248 apud
226 1193 379 1235 Deum.
1542 1194 1591 1230 15

442 1313 479 1354 3.
514 1310 910 1363 Schriftstellerische
933 1309 1165 1351 Bedenken.

498 1405 542 1454 a)
571 1403 794 1448 Vorrede
827 1417 883 1444 zu
912 1402 1183 1443 Martinus.

172 1487 366 1529 Dominis
389 1487 557 1528 Sanctis
577 1491 621 1527 et
639 1487 683 1527 in
704 1486 860 1528 Christi
880 1499 1022 1527 amore
1043 1485 1296 1529 dulcissimis
1316 1485 1529 1534 fratribus

89 1551 134 1588 et
154 1546 254 1589 filiis
276 1547 450 1589 eclesiae
473 1547 708 1590 Turonicae
731 1547 836 1587 mihi
858 1559 884 1586 a
907 1547 997 1586 Deo
1018 1546 1268 1586 commissae
1296 1545 1522 1598 Gregorius

90 1611 302 1662 peccator.
1545 1611 1594 1645 20

172 1666 393 1717 Miracula,
405 1678 514 1719 quae
525 1665 725 1707 dominus
731 1666 844 1706 Deus
856 1670 1000 1706 noster
1011 1678 1085 1719 per
1098 1665 1276 1706 beatum
1288 1665 1523 1706 Martinum

91 1726 332 1768 antistitem
349 1739 474 1767 suum
490 1726 534 1767 in
546 1739 719 1779 corpore
730 1726 921 1779 positum
932 1726 1099 1778 operari
1110 1725 1312 1778 dignatus
1325 1729 1404 1776 est,
1417 1723 1523 1765 coti-

91 1785 159 1829 die
176 1786 232 1829 ad
243 1785 610 1827 conroborandam
622 1785 753 1829 fidem
765 1786 1030 1827 credentium
1040 1785 1293 1825 confirmare
1306 1785 1522 1838 dignatur.

95 1845 170 1888 Ille
188 1859 303 1887 nunc
322 1858 532 1887 exornans
552 1845 787 1886 virtutibus
807 1846 896 1886 eius
907 1845 1139 1895 tumulum,
1154 1845 1227 1898 qui
1245 1845 1290 1885 in
1309 1857 1359 1884 eo
1380 1857 1526 1897 opera-

91 1910 164 1947 tus
181 1910 260 1957 est,
279 1918 378 1947 cum
395 1910 505 1946 esset
522 1905 568 1946 in
584 1905 815 1956 mundum;
849 1910 893 1945 et
909 1905 978 1945 ille
997 1904 1174 1958 praebet
1193 1918 1266 1957 per
1284 1917 1382 1945 eum
1400 1904 1525 1945 bene·
1548 1909 1596 1943 25

93 1964 194 2007 ficia
211 1965 466 2017 christianis,
489 1965 562 2019 qui
580 1963 697 2005 misit
715 1970 820 2006 tunc
840 1965 1073 2018 praesolem
1092 1964 1291 2017 gentibus
1312 1963 1524 2017 perituris

97 2024 232 2066 Nemo
248 2038 347 2079 ergo
364 2025 416 2068 de
434 2025 644 2066 anteactis
662 2024 897 2066 virtutibus
917 2024 1101 2075 dubitet,
1121 2037 1218 2065 cum
1237 2023 1527 2078 praesentium

95 2085 311 2139 signorum
330 2085 465 2126 cernit
484 2097 663 2126 munera
682 2085 931 2138 dispensari,
952 2097 1050 2125 cum
1070 2084 1218 2127 videat
1238 2084 1381 2126 clodos
1401 2083 1527 2136 eregi,

95 2157 243 2186 caecos
266 2144 526 2196 inluminari,
554 2145 781 2188 daemones
808 2145 989 2197 effugari
1015 2149 1059 2185 et
1086 2145 1170 2185 alia
1198 2157 1390 2197 quaeque
1417 2155 1528 2184 mor-

12 2191 14 2193 *
63 2204 66 2206 ’
96 2203 249 2246 borum
273 2217 442 2258 genera,
468 2205 610 2259 ipsum
635 2205 925 2255 medificante,
953 2205 1104 2245 curari.
1150 2204 1240 2258 Ego
1267 2216 1369 2244 vero
1395 2203 1528 2246 fidem
1551 2209 1599 2243 30

97 2264 289 2318 ingerens
304 2264 402 2306 libri
418 2264 544 2316 illius,
566 2265 638 2318 qui
656 2264 707 2307 de
726 2265 814 2305 eius
833 2265 925 2305 vita
943 2264 998 2305 ab
1016 2263 1300 2305 anterioribus
1318 2268 1383 2304 est
1401 2263 1530 2316 scrip·
1579 2279 1584 2283 ·

97 2325 184 2376 tus,
216 2329 460 2378 praesentes
491 2325 689 2375 virtutes,
724 2324 775 2368 de
810 2330 974 2377 quanto
1006 2324 1061 2367 ad
1094 2323 1345 2364 memoriam
1375 2323 1529 2373 recolo,

98 2384 326 2425 memoriae
353 2384 398 2425 in
425 2389 659 2438 posterum,
690 2384 874 2425 Domino
901 2384 1093 2437 jubente,
1122 2383 1353 2424 mandabo.
1405 2383 1530 2437 Quod

98 2456 190 2486 non*
210 2457 539 2498 praesumerem,
564 2445 644 2485 nisi
670 2444 734 2484 bis
760 2449 804 2484 et
829 2445 958 2485 tertio
984 2444 1231 2486 admonitus
1257 2444 1432 2484 fuissem
1458 2456 1532 2496 per

11 2498 27 2519 ³
81 2503 255 2545 visum.
302 2504 464 2545 Tamen
496 2505 836 2558 omnipotentem
871 2505 1009 2544 Deum
1040 2508 1196 2544 testem
1228 2504 1396 2553 invoco,
1431 2502 1530 2556 quia
1554 2507 1601 2542 35

100 2563 190 2606 vidi
213 2563 401 2617 quadam
421 2564 513 2604 vice
537 2577 610 2618 per
633 2564 846 2604 somnium
868 2563 1010 2606 media
1032 2563 1098 2605 die
1121 2564 1166 2604 in
1187 2563 1364 2604 basilica
1386 2562 1532 2605 domni

100 2622 275 2664 Martini
295 2622 454 2666 debiles
474 2624 633 2665 multos
654 2637 703 2664 ac
725 2623 902 2667 diversis
923 2623 1082 2664 morbis
1104 2623 1354 2677 obpraessos
1376 2622 1531 2672 sanari,

202 2707 218 2729 ¹
243 2706 454 2753 adplene.

1393 2789 1426 2818 1*
