<?xml version="1.0" encoding="UTF-8"?>
<!DOCTYPE html PUBLIC "-//W3C//DTD XHTML 1.0 Transitional//EN"
    "http://www.w3.org/TR/xhtml1/DTD/xhtml1-transitional.dtd">
<html xmlns="http://www.w3.org/1999/xhtml" xml:lang="en" lang="en">
 <head>
  <title>
</title>
<meta http-equiv="Content-Type" content="text/html;charset=utf-8" />
  <meta name='ocr-system' content='tesseract 3.04.00' />
  <meta name='ocr-capabilities' content='ocr_page ocr_carea ocr_par ocr_line ocrx_word'/>
</head>
<body>
  <div class='ocr_page' id='page_1' title='image "auswahlausdenwer00greguoft_0030.png"; bbox 0 0 1786 3016; ppageno 0'>
   <div class='ocr_carea' id='block_1_1' title="bbox 874 163 1138 227">
    <p class='ocr_par' dir='ltr' id='par_1_1' title="bbox 874 163 1138 227">
     <span class='ocr_line' id='line_1_1' title="bbox 874 163 1138 227; baseline 0.004 -24"><span class='ocrx_word' id='word_1_1' title='bbox 874 163 1138 227; x_wconf 72' lang='lat'>--13—¹</span> 
     </span>
    </p>
   </div>
   <div class='ocr_carea' id='block_1_2' title="bbox 271 279 1727 333">
    <p class='ocr_par' dir='ltr' id='par_1_2' title="bbox 271 279 1727 333">
     <span class='ocr_line' id='line_1_2' title="bbox 271 279 1727 333; baseline 0.003 -14"><span class='ocrx_word' id='word_1_2' title='bbox 271 279 427 321; x_wconf 76' lang='lat' dir='ltr'>redivit</span> <span class='ocrx_word' id='word_1_3' title='bbox 455 279 509 321; x_wconf 86' lang='lat' dir='ltr'>ad</span> <span class='ocrx_word' id='word_1_4' title='bbox 541 279 770 332; x_wconf 83' lang='lat' dir='ltr'>Ephesum,</span> <span class='ocrx_word' id='word_1_5' title='bbox 799 280 1095 333; x_wconf 89' lang='lat' dir='ltr'>inquisitisque</span> <span class='ocrx_word' id='word_1_6' title='bbox 1125 293 1177 321; x_wconf 84' lang='lat' dir='ltr'>ex</span> <span class='ocrx_word' id='word_1_7' title='bbox 1206 294 1320 322; x_wconf 89' lang='lat' dir='ltr'>more</span> <span class='ocrx_word' id='word_1_8' title='bbox 1350 281 1604 333; x_wconf 73' lang='lat' dir='ltr'>christianis,</span> <span class='ocrx_word' id='word_1_9' title='bbox 1633 281 1686 323; x_wconf 86' lang='lat' dir='ltr'>de</span> <span class='ocrx_word' id='word_1_10' title='bbox 1722 307 1727 311; x_wconf 89' lang='lat'>·</span> 
     </span>
    </p>
   </div>
   <div class='ocr_carea' id='block_1_3' title="bbox 1754 0 1786 321">
    <p class='ocr_par' dir='ltr' id='par_1_3' title="bbox 1754 0 1786 321">
     <span class='ocr_line' id='line_1_3' title="bbox 1754 0 1786 321; baseline 0 2695"><span class='ocrx_word' id='word_1_11' title='bbox 1754 0 1786 321; x_wconf 95' lang='lat' dir='ltr'> </span> 
     </span>
    </p>
   </div>
   <div class='ocr_carea' id='block_1_4' title="bbox 272 339 1754 393">
    <p class='ocr_par' dir='ltr' id='par_1_4' title="bbox 272 339 1754 393">
     <span class='ocr_line' id='line_1_4' title="bbox 272 339 1754 393; baseline 0.003 -15"><span class='ocrx_word' id='word_1_12' title='bbox 272 339 531 379; x_wconf 86' lang='lat' dir='ltr'>Maximiano</span> <span class='ocrx_word' id='word_1_13' title='bbox 564 343 692 392; x_wconf 84' lang='lat' dir='ltr'>atque</span> <span class='ocrx_word' id='word_1_14' title='bbox 726 340 814 380; x_wconf 92' lang='lat' dir='ltr'>eius</span> <span class='ocrx_word' id='word_1_15' title='bbox 847 340 969 380; x_wconf 88' lang='lat' dir='ltr'>sociis</span> <span class='ocrx_word' id='word_1_16' title='bbox 1001 340 1257 393; x_wconf 74' lang='lat' dir='ltr'>interpellat.</span> <span class='ocrx_word' id='word_1_17' title='bbox 1308 341 1508 382; x_wconf 86' lang='lat' dir='ltr'>Parentes</span> <span class='ocrx_word' id='word_1_18' title='bbox 1540 344 1688 383; x_wconf 82' lang='lat' dir='ltr'>autem</span> <span class='ocrx_word' id='word_1_19' title='bbox 1751 377 1754 378; x_wconf 14' lang='grc' dir='ltr'><em>γ</em></span> 
     </span>
    </p>
   </div>
   <div class='ocr_carea' id='block_1_5' title="bbox 203 398 1688 925">
    <p class='ocr_par' dir='ltr' id='par_1_5' title="bbox 203 398 1688 925">
     <span class='ocr_line' id='line_1_5' title="bbox 273 398 1687 452; baseline 0.002 -15"><span class='ocrx_word' id='word_1_20' title='bbox 273 410 418 438; x_wconf 90' lang='lat' dir='ltr'>eorum</span> <span class='ocrx_word' id='word_1_21' title='bbox 443 398 657 449; x_wconf 85' lang='lat' dir='ltr'>dixerunt,</span> <span class='ocrx_word' id='word_1_22' title='bbox 683 411 753 438; x_wconf 90' lang='lat' dir='ltr'>eos</span> <span class='ocrx_word' id='word_1_23' title='bbox 779 399 960 439; x_wconf 87' lang='lat' dir='ltr'>inclusos</span> <span class='ocrx_word' id='word_1_24' title='bbox 986 412 1073 439; x_wconf 85' lang='lat' dir='ltr'>esse</span> <span class='ocrx_word' id='word_1_25' title='bbox 1099 399 1143 439; x_wconf 91' lang='lat' dir='ltr'>in</span> <span class='ocrx_word' id='word_1_26' title='bbox 1170 399 1356 452; x_wconf 81' lang='lat' dir='ltr'>quodam</span> <span class='ocrx_word' id='word_1_27' title='bbox 1380 405 1504 441; x_wconf 87' lang='lat' dir='ltr'>antro</span> <span class='ocrx_word' id='word_1_28' title='bbox 1529 399 1687 442; x_wconf 88' lang='lat' dir='ltr'>montis</span> 
     </span>
     <span class='ocr_line' id='line_1_6' title="bbox 272 457 1687 512; baseline 0.003 -16"><span class='ocrx_word' id='word_1_29' title='bbox 272 457 462 507; x_wconf 92' lang='lat' dir='ltr'>Achillei,</span> <span class='ocrx_word' id='word_1_30' title='bbox 495 457 547 499; x_wconf 92' lang='lat' dir='ltr'>de</span> <span class='ocrx_word' id='word_1_31' title='bbox 582 470 664 510; x_wconf 90' lang='lat' dir='ltr'>quo</span> <span class='ocrx_word' id='word_1_32' title='bbox 696 458 817 498; x_wconf 86' lang='lat' dir='ltr'>facile</span> <span class='ocrx_word' id='word_1_33' title='bbox 850 459 1013 511; x_wconf 86' lang='lat' dir='ltr'>possint</span> <span class='ocrx_word' id='word_1_34' title='bbox 1045 458 1148 508; x_wconf 91' lang='lat' dir='ltr'>erui,</span> <span class='ocrx_word' id='word_1_35' title='bbox 1181 458 1215 498; x_wconf 88' lang='lat' dir='ltr'>si</span> <span class='ocrx_word' id='word_1_36' title='bbox 1246 459 1512 512; x_wconf 85' lang='lat' dir='ltr'>imperatoris</span> <span class='ocrx_word' id='word_1_37' title='bbox 1542 459 1687 512; x_wconf 81' lang='lat' dir='ltr'>legalis</span> 
     </span>
     <span class='ocr_line' id='line_1_7' title="bbox 225 516 1688 571; baseline 0.002 -15"><span class='ocrx_word' id='word_1_38' title='bbox 225 522 246 556; x_wconf 91' lang='lat'><strong>5</strong></span> <span class='ocrx_word' id='word_1_39' title='bbox 269 516 397 557; x_wconf 90' lang='lat' dir='ltr'>iussio</span> <span class='ocrx_word' id='word_1_40' title='bbox 420 522 651 557; x_wconf 75' lang='lat' dir='ltr'>emanaret.</span> <span class='ocrx_word' id='word_1_41' title='bbox 698 517 820 570; x_wconf 90' lang='lat' dir='ltr'>Quod</span> <span class='ocrx_word' id='word_1_42' title='bbox 845 530 942 558; x_wconf 92' lang='lat' dir='ltr'>cum</span> <span class='ocrx_word' id='word_1_43' title='bbox 964 517 1058 568; x_wconf 88' lang='lat' dir='ltr'>viri,</span> <span class='ocrx_word' id='word_1_44' title='bbox 1082 518 1308 558; x_wconf 75' lang='lat' dir='ltr'>nuntiante</span> <span class='ocrx_word' id='word_1_45' title='bbox 1331 518 1512 570; x_wconf 86' lang='lat' dir='ltr'>Malcho,</span> <span class='ocrx_word' id='word_1_46' title='bbox 1534 531 1688 571; x_wconf 83' lang='lat' dir='ltr'>cogno-</span> 
     </span>
     <span class='ocr_line' id='line_1_8' title="bbox 273 576 1688 630; baseline 0.002 -14"><span class='ocrx_word' id='word_1_47' title='bbox 273 576 447 626; x_wconf 89' lang='lat' dir='ltr'>vissent,</span> <span class='ocrx_word' id='word_1_48' title='bbox 474 576 666 616; x_wconf 87' lang='lat' dir='ltr'>exterriti</span> <span class='ocrx_word' id='word_1_49' title='bbox 692 576 815 616; x_wconf 91' lang='lat' dir='ltr'>valde</span> <span class='ocrx_word' id='word_1_50' title='bbox 854 581 1177 629; x_wconf 85' lang='lat' dir='ltr'>prostraverunt</span> <span class='ocrx_word' id='word_1_51' title='bbox 1213 589 1255 616; x_wconf 90' lang='lat' dir='ltr'>se</span> <span class='ocrx_word' id='word_1_52' title='bbox 1292 590 1417 630; x_wconf 84' lang='lat' dir='ltr'>super</span> <span class='ocrx_word' id='word_1_53' title='bbox 1450 582 1609 618; x_wconf 86' lang='lat' dir='ltr'>terram</span> <span class='ocrx_word' id='word_1_54' title='bbox 1643 582 1688 618; x_wconf 89' lang='lat' dir='ltr'>et</span> 
     </span>
     <span class='ocr_line' id='line_1_9' title="bbox 273 635 1688 685; baseline 0.001 -10"><span class='ocrx_word' id='word_1_55' title='bbox 273 648 370 675; x_wconf 89' lang='lat' dir='ltr'>cum</span> <span class='ocrx_word' id='word_1_56' title='bbox 395 635 577 676; x_wconf 78' lang='lat' dir='ltr'>lacrimis</span> <span class='ocrx_word' id='word_1_57' title='bbox 605 635 799 685; x_wconf 88' lang='lat' dir='ltr'>orabant,</span> <span class='ocrx_word' id='word_1_58' title='bbox 817 641 866 676; x_wconf 95' lang='lat' dir='ltr'>ut</span> <span class='ocrx_word' id='word_1_59' title='bbox 892 648 962 675; x_wconf 94' lang='lat' dir='ltr'>eos</span> <span class='ocrx_word' id='word_1_60' title='bbox 983 635 1187 675; x_wconf 88' lang='lat' dir='ltr'>Dominus</span> <span class='ocrx_word' id='word_1_61' title='bbox 1214 636 1258 675; x_wconf 94' lang='lat' dir='ltr'>in</span> <span class='ocrx_word' id='word_1_62' title='bbox 1284 636 1368 678; x_wconf 83' lang='lat' dir='ltr'>fide</span> <span class='ocrx_word' id='word_1_63' title='bbox 1395 636 1635 678; x_wconf 86' lang='lat' dir='ltr'>custodiens</span> <span class='ocrx_word' id='word_1_64' title='bbox 1662 650 1688 677; x_wconf 90' lang='lat' dir='ltr'>a</span> 
     </span>
     <span class='ocr_line' id='line_1_10' title="bbox 274 694 1688 749; baseline 0.001 -15"><span class='ocrx_word' id='word_1_65' title='bbox 274 694 568 747; x_wconf 75' lang='lat' dir='ltr'>conspectibus</span> <span class='ocrx_word' id='word_1_66' title='bbox 593 695 845 747; x_wconf 89' lang='lat' dir='ltr'>iniquissimi</span> <span class='ocrx_word' id='word_1_67' title='bbox 869 695 1135 748; x_wconf 85' lang='lat' dir='ltr'>imperatoris</span> <span class='ocrx_word' id='word_1_68' title='bbox 1160 700 1334 735; x_wconf 86' lang='lat' dir='ltr'>arceret.</span> <span class='ocrx_word' id='word_1_69' title='bbox 1381 695 1542 749; x_wconf 85' lang='lat' dir='ltr'>Quibus</span> <span class='ocrx_word' id='word_1_70' title='bbox 1567 708 1688 736; x_wconf 85' lang='lat' dir='ltr'>oran-</span> 
     </span>
     <span class='ocr_line' id='line_1_11' title="bbox 272 753 1687 807; baseline 0.001 -13"><span class='ocrx_word' id='word_1_71' title='bbox 272 753 403 804; x_wconf 89' lang='lat' dir='ltr'>tibus,</span> <span class='ocrx_word' id='word_1_72' title='bbox 430 754 655 807; x_wconf 92' lang='lat' dir='ltr'>providens</span> <span class='ocrx_word' id='word_1_73' title='bbox 684 754 811 804; x_wconf 77' lang='lat' dir='ltr'>Deus,</span> <span class='ocrx_word' id='word_1_74' title='bbox 839 755 952 806; x_wconf 90' lang='lat' dir='ltr'>quod</span> <span class='ocrx_word' id='word_1_75' title='bbox 978 759 1117 794; x_wconf 89' lang='lat' dir='ltr'>essent</span> <span class='ocrx_word' id='word_1_76' title='bbox 1142 753 1185 794; x_wconf 91' lang='lat' dir='ltr'>in</span> <span class='ocrx_word' id='word_1_77' title='bbox 1211 759 1428 807; x_wconf 90' lang='lat' dir='ltr'>posterum</span> <span class='ocrx_word' id='word_1_78' title='bbox 1453 755 1687 805; x_wconf 82' lang='lat' dir='ltr'>necessarii,</span> 
     </span>
     <span class='ocr_line' id='line_1_12' title="bbox 203 813 1688 865; baseline 0.002 -13"><span class='ocrx_word' id='word_1_79' title='bbox 203 819 250 852; x_wconf 89' lang='lat'>10</span> <span class='ocrx_word' id='word_1_80' title='bbox 274 813 494 854; x_wconf 85' lang='lat' dir='ltr'>exaudivit</span> <span class='ocrx_word' id='word_1_81' title='bbox 516 813 751 853; x_wconf 87' lang='lat' dir='ltr'>orationem</span> <span class='ocrx_word' id='word_1_82' title='bbox 772 826 917 853; x_wconf 91' lang='lat' dir='ltr'>eorum</span> <span class='ocrx_word' id='word_1_83' title='bbox 939 813 1206 865; x_wconf 87' lang='lat' dir='ltr'>suscepitque</span> <span class='ocrx_word' id='word_1_84' title='bbox 1229 814 1390 854; x_wconf 88' lang='lat' dir='ltr'>animas</span> <span class='ocrx_word' id='word_1_85' title='bbox 1411 813 1592 855; x_wconf 88' lang='lat' dir='ltr'>illorum.</span> <span class='ocrx_word' id='word_1_86' title='bbox 1613 814 1688 860; x_wconf 29' lang='lat' dir='ltr'>,Et</span> 
     </span>
     <span class='ocr_line' id='line_1_13' title="bbox 273 872 1686 925; baseline 0.001 -13"><span class='ocrx_word' id='word_1_87' title='bbox 273 878 394 913; x_wconf 89' lang='lat' dir='ltr'>erant</span> <span class='ocrx_word' id='word_1_88' title='bbox 411 873 595 912; x_wconf 87' lang='lat' dir='ltr'>iacentes</span> <span class='ocrx_word' id='word_1_89' title='bbox 613 885 737 925; x_wconf 91' lang='lat' dir='ltr'>super</span> <span class='ocrx_word' id='word_1_90' title='bbox 753 872 945 922; x_wconf 89' lang='lat' dir='ltr'>humum,</span> <span class='ocrx_word' id='word_1_91' title='bbox 965 873 1085 925; x_wconf 87' lang='lat' dir='ltr'>quasi</span> <span class='ocrx_word' id='word_1_92' title='bbox 1102 873 1222 912; x_wconf 90' lang='lat' dir='ltr'>suavi</span> <span class='ocrx_word' id='word_1_93' title='bbox 1238 873 1400 913; x_wconf 92' lang='lat' dir='ltr'>somnio</span> <span class='ocrx_word' id='word_1_94' title='bbox 1418 873 1686 915; x_wconf 77' lang='lat' dir='ltr'>dormientes.</span> 
     </span>
    </p>
   </div>
   <div class='ocr_carea' id='block_1_6' title="bbox 179 943 1690 1754">
    <p class='ocr_par' dir='ltr' id='par_1_6' title="bbox 179 943 1690 1173">
     <span class='ocr_line' id='line_1_14' title="bbox 355 943 1688 996; baseline 0.002 -14"><span class='ocrx_word' id='word_1_95' title='bbox 355 943 392 983; x_wconf 84' lang='lat'>5.</span> <span class='ocrx_word' id='word_1_96' title='bbox 424 943 670 984; x_wconf 87' lang='lat' dir='ltr'>Commotus</span> <span class='ocrx_word' id='word_1_97' title='bbox 691 943 841 985; x_wconf 91' lang='lat' dir='ltr'>deinde</span> <span class='ocrx_word' id='word_1_98' title='bbox 861 943 1105 995; x_wconf 90' lang='lat' dir='ltr'>imperator,</span> <span class='ocrx_word' id='word_1_99' title='bbox 1127 943 1235 984; x_wconf 86' lang='lat' dir='ltr'>dixit</span> <span class='ocrx_word' id='word_1_100' title='bbox 1255 943 1359 983; x_wconf 87' lang='lat' dir='ltr'>suis:</span> <span class='ocrx_word' id='word_1_101' title='bbox 1398 943 1461 983; x_wconf 91' lang='lat' dir='ltr'>Ite</span> <span class='ocrx_word' id='word_1_102' title='bbox 1480 944 1626 996; x_wconf 88' lang='lat' dir='ltr'>itaque</span> <span class='ocrx_word' id='word_1_103' title='bbox 1645 949 1688 984; x_wconf 91' lang='lat' dir='ltr'>et</span> 
     </span>
     <span class='ocr_line' id='line_1_15' title="bbox 274 1002 1689 1055; baseline 0.001 -13"><span class='ocrx_word' id='word_1_104' title='bbox 274 1002 460 1055; x_wconf 90' lang='lat' dir='ltr'>oppilate</span> <span class='ocrx_word' id='word_1_105' title='bbox 478 1015 522 1042; x_wconf 87' lang='lat' dir='ltr'>os</span> <span class='ocrx_word' id='word_1_106' title='bbox 539 1015 758 1052; x_wconf 85' lang='lat' dir='ltr'>cavernae,</span> <span class='ocrx_word' id='word_1_107' title='bbox 775 1016 826 1042; x_wconf 94' lang='lat' dir='ltr'>ne</span> <span class='ocrx_word' id='word_1_108' title='bbox 843 1002 1015 1042; x_wconf 89' lang='lat' dir='ltr'>rebelles</span> <span class='ocrx_word' id='word_1_109' title='bbox 1031 1002 1091 1041; x_wconf 93' lang='lat' dir='ltr'>illi</span> <span class='ocrx_word' id='word_1_110' title='bbox 1107 1002 1281 1044; x_wconf 90' lang='lat' dir='ltr'>deorum</span> <span class='ocrx_word' id='word_1_111' title='bbox 1298 1002 1463 1043; x_wconf 88' lang='lat' dir='ltr'>aditum</span> <span class='ocrx_word' id='word_1_112' title='bbox 1478 1002 1689 1055; x_wconf 86' lang='lat' dir='ltr'>egredien-</span> 
     </span>
     <span class='ocr_line' id='line_1_16' title="bbox 274 1061 1689 1114; baseline 0 -11"><span class='ocrx_word' id='word_1_113' title='bbox 274 1061 318 1103; x_wconf 93' lang='lat' dir='ltr'>di</span> <span class='ocrx_word' id='word_1_114' title='bbox 347 1061 548 1102; x_wconf 88' lang='lat' dir='ltr'>habeant.</span> <span class='ocrx_word' id='word_1_115' title='bbox 595 1061 864 1102; x_wconf 89' lang='lat' dir='ltr'>Abeuntibus</span> <span class='ocrx_word' id='word_1_116' title='bbox 895 1066 1040 1101; x_wconf 87' lang='lat' dir='ltr'>autem</span> <span class='ocrx_word' id='word_1_117' title='bbox 1073 1062 1145 1114; x_wconf 92' lang='lat' dir='ltr'>qui</span> <span class='ocrx_word' id='word_1_118' title='bbox 1176 1074 1220 1101; x_wconf 91' lang='lat' dir='ltr'>os</span> <span class='ocrx_word' id='word_1_119' title='bbox 1251 1061 1473 1114; x_wconf 86' lang='lat' dir='ltr'>speluncae</span> <span class='ocrx_word' id='word_1_120' title='bbox 1504 1061 1689 1105; x_wconf 81' lang='lat' dir='ltr'>debeant</span> 
     </span>
     <span class='ocr_line' id='line_1_17' title="bbox 179 1120 1690 1173; baseline 0.001 -13"><span class='ocrx_word' id='word_1_121' title='bbox 179 1126 251 1160; x_wconf 72' lang='lat'>‘15</span> <span class='ocrx_word' id='word_1_122' title='bbox 275 1121 475 1173; x_wconf 90' lang='lat' dir='ltr'>oppilare,</span> <span class='ocrx_word' id='word_1_123' title='bbox 507 1126 824 1173; x_wconf 89' lang='lat' dir='ltr'>praecesserunt</span> <span class='ocrx_word' id='word_1_124' title='bbox 854 1133 923 1160; x_wconf 89' lang='lat' dir='ltr'>eos</span> <span class='ocrx_word' id='word_1_125' title='bbox 953 1121 1037 1160; x_wconf 92' lang='lat' dir='ltr'>duo</span> <span class='ocrx_word' id='word_1_126' title='bbox 1067 1121 1160 1171; x_wconf 89' lang='lat' dir='ltr'>viri,</span> <span class='ocrx_word' id='word_1_127' title='bbox 1189 1121 1434 1163; x_wconf 89' lang='lat' dir='ltr'>Theodorus</span> <span class='ocrx_word' id='word_1_128' title='bbox 1463 1126 1506 1162; x_wconf 91' lang='lat' dir='ltr'>et</span> <span class='ocrx_word' id='word_1_129' title='bbox 1539 1120 1690 1162; x_wconf 86' lang='lat' dir='ltr'>Ruben</span> 
     </span>
    </p>

    <p class='ocr_par' dir='ltr' id='par_1_7' title="bbox 274 1180 1690 1233">
     <span class='ocr_line' id='line_1_18' title="bbox 274 1180 1690 1233; baseline 0.001 -14"><span class='ocrx_word' id='word_1_130' title='bbox 274 1180 506 1230; x_wconf 88' lang='lat' dir='ltr'>christiani,</span> <span class='ocrx_word' id='word_1_131' title='bbox 533 1181 605 1232; x_wconf 90' lang='lat' dir='ltr'>qui</span> <span class='ocrx_word' id='word_1_132' title='bbox 628 1185 800 1233; x_wconf 88' lang='lat' dir='ltr'>propter</span> <span class='ocrx_word' id='word_1_133' title='bbox 823 1180 958 1219; x_wconf 85' lang='lat' dir='ltr'>minas</span> <span class='ocrx_word' id='word_1_134' title='bbox 982 1180 1247 1232; x_wconf 88' lang='lat' dir='ltr'>imperatoris</span> <span class='ocrx_word' id='word_1_135' title='bbox 1272 1180 1485 1221; x_wconf 88' lang='lat' dir='ltr'>Christum</span> <span class='ocrx_word' id='word_1_136' title='bbox 1506 1180 1690 1221; x_wconf 86' lang='lat' dir='ltr'>latenter</span> 
     </span>
    </p>

    <p class='ocr_par' dir='ltr' id='par_1_8' title="bbox 204 1238 1690 1754">
     <span class='ocr_line' id='line_1_19' title="bbox 275 1238 1688 1292; baseline 0 -13"><span class='ocrx_word' id='word_1_137' title='bbox 275 1239 468 1279; x_wconf 85' lang='lat' dir='ltr'>orabant.</span> <span class='ocrx_word' id='word_1_138' title='bbox 503 1238 573 1279; x_wconf 90' lang='lat' dir='ltr'>Hii</span> <span class='ocrx_word' id='word_1_139' title='bbox 589 1239 817 1279; x_wconf 87' lang='lat' dir='ltr'>scribentes</span> <span class='ocrx_word' id='word_1_140' title='bbox 833 1239 875 1279; x_wconf 92' lang='lat' dir='ltr'>in</span> <span class='ocrx_word' id='word_1_141' title='bbox 890 1239 1047 1279; x_wconf 88' lang='lat' dir='ltr'>tabulis</span> <span class='ocrx_word' id='word_1_142' title='bbox 1064 1239 1271 1292; x_wconf 90' lang='lat' dir='ltr'>plumbeis</span> <span class='ocrx_word' id='word_1_143' title='bbox 1287 1252 1455 1280; x_wconf 92' lang='lat' dir='ltr'>omnem</span> <span class='ocrx_word' id='word_1_144' title='bbox 1469 1239 1688 1280; x_wconf 87' lang='lat' dir='ltr'>historiam</span> 
     </span>
     <span class='ocr_line' id='line_1_20' title="bbox 274 1298 1690 1351; baseline 0.001 -13"><span class='ocrx_word' id='word_1_145' title='bbox 274 1303 531 1348; x_wconf 90' lang='lat' dir='ltr'>sanctorum,</span> <span class='ocrx_word' id='word_1_146' title='bbox 547 1303 778 1351; x_wconf 89' lang='lat' dir='ltr'>posuerunt</span> <span class='ocrx_word' id='word_1_147' title='bbox 792 1311 860 1338; x_wconf 90' lang='lat' dir='ltr'>eas</span> <span class='ocrx_word' id='word_1_148' title='bbox 874 1298 918 1338; x_wconf 93' lang='lat' dir='ltr'>in</span> <span class='ocrx_word' id='word_1_149' title='bbox 932 1299 1112 1338; x_wconf 88' lang='lat' dir='ltr'>introitu</span> <span class='ocrx_word' id='word_1_150' title='bbox 1123 1311 1326 1339; x_wconf 89' lang='lat' dir='ltr'>cavernae</span> <span class='ocrx_word' id='word_1_151' title='bbox 1340 1299 1604 1349; x_wconf 87' lang='lat' dir='ltr'>intrinsecus,</span> <span class='ocrx_word' id='word_1_152' title='bbox 1618 1311 1690 1339; x_wconf 88' lang='lat' dir='ltr'>ne-</span> 
     </span>
     <span class='ocr_line' id='line_1_21' title="bbox 274 1357 1688 1410; baseline 0.001 -13"><span class='ocrx_word' id='word_1_153' title='bbox 274 1358 385 1397; x_wconf 91' lang='lat' dir='ltr'>mine</span> <span class='ocrx_word' id='word_1_154' title='bbox 412 1358 634 1408; x_wconf 87' lang='lat' dir='ltr'>sentiente,</span> <span class='ocrx_word' id='word_1_155' title='bbox 662 1358 868 1399; x_wconf 90' lang='lat' dir='ltr'>dicentes:</span> <span class='ocrx_word' id='word_1_156' title='bbox 903 1357 1166 1410; x_wconf 88' lang='lat' dir='ltr'>Quandoque</span> <span class='ocrx_word' id='word_1_157' title='bbox 1195 1358 1307 1398; x_wconf 91' lang='lat' dir='ltr'>Deus</span> <span class='ocrx_word' id='word_1_158' title='bbox 1332 1358 1515 1398; x_wconf 89' lang='lat' dir='ltr'>voluerit</span> <span class='ocrx_word' id='word_1_159' title='bbox 1541 1357 1688 1398; x_wconf 88' lang='lat' dir='ltr'>beatos</span> 
     </span>
     <span class='ocr_line' id='line_1_22' title="bbox 204 1417 1688 1470; baseline 0.001 -14"><span class='ocrx_word' id='word_1_160' title='bbox 204 1423 252 1456; x_wconf 87' lang='lat'>20</span> <span class='ocrx_word' id='word_1_161' title='bbox 274 1422 392 1457; x_wconf 88' lang='lat' dir='ltr'>artus</span> <span class='ocrx_word' id='word_1_162' title='bbox 429 1417 668 1458; x_wconf 89' lang='lat' dir='ltr'>adletarum</span> <span class='ocrx_word' id='word_1_163' title='bbox 705 1430 876 1457; x_wconf 86' lang='lat' dir='ltr'>suorum</span> <span class='ocrx_word' id='word_1_164' title='bbox 915 1417 1080 1470; x_wconf 88' lang='lat' dir='ltr'>populis</span> <span class='ocrx_word' id='word_1_165' title='bbox 1117 1417 1315 1467; x_wconf 91' lang='lat' dir='ltr'>revelare,</span> <span class='ocrx_word' id='word_1_166' title='bbox 1354 1417 1456 1457; x_wconf 90' lang='lat' dir='ltr'>haec</span> <span class='ocrx_word' id='word_1_167' title='bbox 1493 1417 1688 1467; x_wconf 89' lang='lat' dir='ltr'>doceant,</span> 
     </span>
     <span class='ocr_line' id='line_1_23' title="bbox 277 1476 1689 1529; baseline 0 -13"><span class='ocrx_word' id='word_1_168' title='bbox 277 1489 383 1528; x_wconf 91' lang='lat' dir='ltr'>quae</span> <span class='ocrx_word' id='word_1_169' title='bbox 417 1489 492 1529; x_wconf 85' lang='lat' dir='ltr'>pro</span> <span class='ocrx_word' id='word_1_170' title='bbox 526 1476 613 1516; x_wconf 90' lang='lat' dir='ltr'>eius</span> <span class='ocrx_word' id='word_1_171' title='bbox 646 1477 815 1516; x_wconf 90' lang='lat' dir='ltr'>nomine</span> <span class='ocrx_word' id='word_1_172' title='bbox 850 1476 1129 1529; x_wconf 85' lang='lat' dir='ltr'>pertulerunt.</span> <span class='ocrx_word' id='word_1_173' title='bbox 1180 1476 1405 1517; x_wconf 89' lang='lat' dir='ltr'>Venientes</span> <span class='ocrx_word' id='word_1_174' title='bbox 1438 1481 1582 1521; x_wconf 86' lang='lat' dir='ltr'>autem</span> <span class='ocrx_word' id='word_1_175' title='bbox 1618 1476 1689 1529; x_wconf 92' lang='lat' dir='ltr'>qui</span> 
     </span>
     <span class='ocr_line' id='line_1_24' title="bbox 274 1535 1690 1588; baseline 0 -13"><span class='ocrx_word' id='word_1_176' title='bbox 274 1535 390 1575; x_wconf 90' lang='lat' dir='ltr'>missi</span> <span class='ocrx_word' id='word_1_177' title='bbox 430 1537 613 1586; x_wconf 82' lang='lat' dir='ltr'>fuerant,</span> <span class='ocrx_word' id='word_1_178' title='bbox 655 1536 922 1575; x_wconf 90' lang='lat' dir='ltr'>revolventes</span> <span class='ocrx_word' id='word_1_179' title='bbox 961 1535 1122 1588; x_wconf 90' lang='lat' dir='ltr'>lapides</span> <span class='ocrx_word' id='word_1_180' title='bbox 1163 1548 1352 1587; x_wconf 89' lang='lat' dir='ltr'>magnos,</span> <span class='ocrx_word' id='word_1_181' title='bbox 1394 1535 1690 1576; x_wconf 87' lang='lat' dir='ltr'>concluserunt</span> 
     </span>
     <span class='ocr_line' id='line_1_25' title="bbox 275 1594 1689 1645; baseline 0.001 -11"><span class='ocrx_word' id='word_1_182' title='bbox 275 1595 441 1637; x_wconf 88' lang='lat' dir='ltr'>aditum</span> <span class='ocrx_word' id='word_1_183' title='bbox 470 1595 595 1645; x_wconf 85' lang='lat' dir='ltr'>antri,</span> <span class='ocrx_word' id='word_1_184' title='bbox 625 1600 728 1635; x_wconf 92' lang='lat' dir='ltr'>tunc</span> <span class='ocrx_word' id='word_1_185' title='bbox 758 1595 968 1644; x_wconf 88' lang='lat' dir='ltr'>abierunt,</span> <span class='ocrx_word' id='word_1_186' title='bbox 998 1595 1205 1636; x_wconf 89' lang='lat' dir='ltr'>dicentes:</span> <span class='ocrx_word' id='word_1_187' title='bbox 1240 1594 1318 1635; x_wconf 92' lang='lat' dir='ltr'>Hic</span> <span class='ocrx_word' id='word_1_188' title='bbox 1346 1595 1458 1635; x_wconf 83' lang='lat' dir='ltr'>fame</span> <span class='ocrx_word' id='word_1_189' title='bbox 1487 1594 1689 1635; x_wconf 86' lang='lat' dir='ltr'>deficiant</span> 
     </span>
     <span class='ocr_line' id='line_1_26' title="bbox 275 1653 1688 1707; baseline 0 -14"><span class='ocrx_word' id='word_1_190' title='bbox 275 1654 536 1707; x_wconf 88' lang='lat' dir='ltr'>propriisque</span> <span class='ocrx_word' id='word_1_191' title='bbox 568 1667 610 1694; x_wconf 92' lang='lat' dir='ltr'>se</span> <span class='ocrx_word' id='word_1_192' title='bbox 640 1654 848 1694; x_wconf 89' lang='lat' dir='ltr'>morsibus</span> <span class='ocrx_word' id='word_1_193' title='bbox 880 1654 1099 1704; x_wconf 89' lang='lat' dir='ltr'>devorent,</span> <span class='ocrx_word' id='word_1_194' title='bbox 1132 1654 1203 1706; x_wconf 92' lang='lat' dir='ltr'>qui</span> <span class='ocrx_word' id='word_1_195' title='bbox 1233 1658 1580 1707; x_wconf 87' lang='lat' dir='ltr'>contempserunt</span> <span class='ocrx_word' id='word_1_196' title='bbox 1610 1653 1688 1696; x_wconf 91' lang='lat' dir='ltr'>diis</span> 
     </span>
     <span class='ocr_line' id='line_1_27' title="bbox 205 1713 1071 1754; baseline 0.002 -2"><span class='ocrx_word' id='word_1_197' title='bbox 205 1718 252 1753; x_wconf 91' lang='lat'>25</span> <span class='ocrx_word' id='word_1_198' title='bbox 274 1714 428 1753; x_wconf 87' lang='lat' dir='ltr'>nostris</span> <span class='ocrx_word' id='word_1_199' title='bbox 457 1713 604 1754; x_wconf 89' lang='lat' dir='ltr'>debita</span> <span class='ocrx_word' id='word_1_200' title='bbox 631 1714 826 1754; x_wconf 86' lang='lat' dir='ltr'>exhibere</span> <span class='ocrx_word' id='word_1_201' title='bbox 855 1713 1071 1754; x_wconf 85' lang='lat' dir='ltr'>libamina.</span> 
     </span>
    </p>
   </div>
   <div class='ocr_carea' id='block_1_7' title="bbox 205 1783 1727 2548">
    <p class='ocr_par' dir='ltr' id='par_1_9' title="bbox 274 1783 1689 2015">
     <span class='ocr_line' id='line_1_28' title="bbox 355 1783 1689 1837; baseline -0.001 -13"><span class='ocrx_word' id='word_1_202' title='bbox 355 1784 394 1824; x_wconf 88' lang='lat'>6</span> <span class='ocrx_word' id='word_1_203' title='bbox 427 1784 528 1824; x_wconf 87' lang='lat' dir='ltr'>Post</span> <span class='ocrx_word' id='word_1_204' title='bbox 560 1785 677 1834; x_wconf 89' lang='lat' dir='ltr'>haec,</span> <span class='ocrx_word' id='word_1_205' title='bbox 711 1789 880 1824; x_wconf 91' lang='lat' dir='ltr'>mortuo</span> <span class='ocrx_word' id='word_1_206' title='bbox 915 1784 1056 1835; x_wconf 88' lang='lat' dir='ltr'>Decio,</span> <span class='ocrx_word' id='word_1_207' title='bbox 1090 1797 1163 1837; x_wconf 90' lang='lat' dir='ltr'>per</span> <span class='ocrx_word' id='word_1_208' title='bbox 1195 1783 1464 1826; x_wconf 84' lang='lat' dir='ltr'>succedentia</span> <span class='ocrx_word' id='word_1_209' title='bbox 1495 1787 1689 1836; x_wconf 89' lang='lat' dir='ltr'>tempora</span> 
     </span>
     <span class='ocr_line' id='line_1_29' title="bbox 274 1817 1688 1896; baseline -0.001 -13"><span class='ocrx_word' id='word_1_210' title='bbox 274 1843 317 1883; x_wconf 90' lang='lat' dir='ltr'>in</span> <span class='ocrx_word' id='word_1_211' title='bbox 336 1843 584 1894; x_wconf 91' lang='lat' dir='ltr'>Theodosio,</span> <span class='ocrx_word' id='word_1_212' title='bbox 603 1844 758 1884; x_wconf 87' lang='lat' dir='ltr'>Arcadi</span> <span class='ocrx_word' id='word_1_213' title='bbox 777 1843 879 1893; x_wconf 87' lang='lat' dir='ltr'>filio,</span> <span class='ocrx_word' id='word_1_214' title='bbox 898 1817 1062 1896; x_wconf 76' lang='lat' dir='ltr'>imperil</span> <span class='ocrx_word' id='word_1_215' title='bbox 1081 1856 1246 1885; x_wconf 87' lang='lat' dir='ltr'>summa</span> <span class='ocrx_word' id='word_1_216' title='bbox 1264 1843 1433 1883; x_wconf 86' lang='lat' dir='ltr'>conlata</span> <span class='ocrx_word' id='word_1_217' title='bbox 1450 1847 1528 1883; x_wconf 86' lang='lat' dir='ltr'>est.</span> <span class='ocrx_word' id='word_1_218' title='bbox 1562 1842 1688 1883; x_wconf 87' lang='lat' dir='ltr'>Cuius</span> 
     </span>
     <span class='ocr_line' id='line_1_30' title="bbox 274 1901 1688 1955; baseline -0.001 -13"><span class='ocrx_word' id='word_1_219' title='bbox 274 1903 319 1942; x_wconf 91' lang='lat' dir='ltr'>in</span> <span class='ocrx_word' id='word_1_220' title='bbox 337 1908 526 1955; x_wconf 91' lang='lat' dir='ltr'>tempore</span> <span class='ocrx_word' id='word_1_221' title='bbox 546 1903 752 1943; x_wconf 90' lang='lat' dir='ltr'>inmunda</span> <span class='ocrx_word' id='word_1_222' title='bbox 770 1902 841 1942; x_wconf 88' lang='lat' dir='ltr'>illa</span> <span class='ocrx_word' id='word_1_223' title='bbox 864 1902 1176 1943; x_wconf 88' lang='lat' dir='ltr'>Saducaeorum</span> <span class='ocrx_word' id='word_1_224' title='bbox 1195 1907 1310 1942; x_wconf 86' lang='lat' dir='ltr'>secta</span> <span class='ocrx_word' id='word_1_225' title='bbox 1330 1901 1523 1952; x_wconf 87' lang='lat' dir='ltr'>surrexit,</span> <span class='ocrx_word' id='word_1_226' title='bbox 1543 1901 1688 1942; x_wconf 90' lang='lat' dir='ltr'>volens</span> 
     </span>
     <span class='ocr_line' id='line_1_31' title="bbox 275 1961 1689 2015; baseline -0.001 -14"><span class='ocrx_word' id='word_1_227' title='bbox 275 1967 461 2002; x_wconf 88' lang='lat' dir='ltr'>evertere</span> <span class='ocrx_word' id='word_1_228' title='bbox 481 1975 598 2015; x_wconf 90' lang='lat' dir='ltr'>spem</span> <span class='ocrx_word' id='word_1_229' title='bbox 616 1961 944 2011; x_wconf 83' lang='lat' dir='ltr'>resurrectionis,</span> <span class='ocrx_word' id='word_1_230' title='bbox 964 1962 1119 2011; x_wconf 79' lang='lat' dir='ltr'>dicens,</span> <span class='ocrx_word' id='word_1_231' title='bbox 1141 1962 1258 2014; x_wconf 91' lang='lat' dir='ltr'>quia:</span> <span class='ocrx_word' id='word_1_232' title='bbox 1278 1961 1435 2001; x_wconf 92' lang='lat' dir='ltr'>Mortui</span> <span class='ocrx_word' id='word_1_233' title='bbox 1453 1973 1538 2000; x_wconf 89' lang='lat' dir='ltr'>non</span> <span class='ocrx_word' id='word_1_234' title='bbox 1554 1973 1689 2001; x_wconf 88' lang='lat' dir='ltr'>resur-</span> 
     </span>
    </p>

    <p class='ocr_par' dir='ltr' id='par_1_10' title="bbox 205 2019 1727 2310">
     <span class='ocr_line' id='line_1_32' title="bbox 205 2019 1689 2074; baseline -0.001 -12"><span class='ocrx_word' id='word_1_235' title='bbox 205 2027 252 2062; x_wconf 90' lang='lat'>30</span> <span class='ocrx_word' id='word_1_236' title='bbox 274 2026 394 2073; x_wconf 90' lang='lat' dir='ltr'>gunt.</span> <span class='ocrx_word' id='word_1_237' title='bbox 448 2022 595 2074; x_wconf 88' lang='lat' dir='ltr'>Capud</span> <span class='ocrx_word' id='word_1_238' title='bbox 631 2026 776 2063; x_wconf 86' lang='lat' dir='ltr'>autem</span> <span class='ocrx_word' id='word_1_239' title='bbox 810 2021 935 2061; x_wconf 90' lang='lat' dir='ltr'>huius</span> <span class='ocrx_word' id='word_1_240' title='bbox 970 2021 1124 2060; x_wconf 88' lang='lat' dir='ltr'>heresis</span> <span class='ocrx_word' id='word_1_241' title='bbox 1160 2022 1332 2061; x_wconf 90' lang='lat' dir='ltr'>fuerunt</span> <span class='ocrx_word' id='word_1_242' title='bbox 1366 2019 1610 2060; x_wconf 87' lang='lat' dir='ltr'>Theodorus</span> <span class='ocrx_word' id='word_1_243' title='bbox 1646 2024 1689 2060; x_wconf 92' lang='lat' dir='ltr'>et</span> 
     </span>
     <span class='ocr_line' id='line_1_33' title="bbox 279 2078 1727 2133; baseline -0.003 -11"><span class='ocrx_word' id='word_1_244' title='bbox 279 2080 407 2122; x_wconf 90' lang='lat' dir='ltr'>Gaius</span> <span class='ocrx_word' id='word_1_245' title='bbox 433 2080 631 2133; x_wconf 86' lang='lat' dir='ltr'>episcopi,</span> <span class='ocrx_word' id='word_1_246' title='bbox 660 2081 731 2133; x_wconf 94' lang='lat' dir='ltr'>qui</span> <span class='ocrx_word' id='word_1_247' title='bbox 756 2080 885 2120; x_wconf 89' lang='lat' dir='ltr'>etiam</span> <span class='ocrx_word' id='word_1_248' title='bbox 910 2080 1040 2132; x_wconf 88' lang='lat' dir='ltr'>ipsius</span> <span class='ocrx_word' id='word_1_249' title='bbox 1065 2079 1331 2132; x_wconf 88' lang='lat' dir='ltr'>imperatoris</span> <span class='ocrx_word' id='word_1_250' title='bbox 1356 2079 1521 2119; x_wconf 87' lang='lat' dir='ltr'>animus</span> <span class='ocrx_word' id='word_1_251' title='bbox 1547 2078 1689 2119; x_wconf 88' lang='lat' dir='ltr'>volue·</span> <span class='ocrx_word' id='word_1_252' title='bbox 1725 2094 1727 2097; x_wconf 95' lang='lat'>·</span> 
     </span>
     <span class='ocr_line' id='line_1_34' title="bbox 274 2134 1689 2191; baseline -0.001 -12"><span class='ocrx_word' id='word_1_253' title='bbox 274 2145 375 2180; x_wconf 90' lang='lat' dir='ltr'>runt</span> <span class='ocrx_word' id='word_1_254' title='bbox 397 2140 494 2180; x_wconf 86' lang='lat' dir='ltr'>huic</span> <span class='ocrx_word' id='word_1_255' title='bbox 516 2140 811 2181; x_wconf 86' lang='lat' dir='ltr'>incredulitate</span> <span class='ocrx_word' id='word_1_256' title='bbox 834 2134 1098 2191; x_wconf 85' lang='lat' dir='ltr'>coniungere.</span> <span class='ocrx_word' id='word_1_257' title='bbox 1140 2138 1260 2180; x_wconf 90' lang='lat' dir='ltr'>Unde</span> <span class='ocrx_word' id='word_1_258' title='bbox 1283 2139 1445 2178; x_wconf 88' lang='lat' dir='ltr'>factum</span> <span class='ocrx_word' id='word_1_259' title='bbox 1468 2142 1546 2187; x_wconf 90' lang='lat' dir='ltr'>est,</span> <span class='ocrx_word' id='word_1_260' title='bbox 1568 2142 1618 2178; x_wconf 89' lang='lat' dir='ltr'>ut</span> <span class='ocrx_word' id='word_1_261' title='bbox 1640 2150 1689 2178; x_wconf 92' lang='lat' dir='ltr'>ac</span> 
     </span>
     <span class='ocr_line' id='line_1_35' title="bbox 275 2197 1689 2251; baseline -0.002 -12"><span class='ocrx_word' id='word_1_262' title='bbox 275 2212 403 2239; x_wconf 87' lang='lat' dir='ltr'>causa</span> <span class='ocrx_word' id='word_1_263' title='bbox 426 2199 548 2241; x_wconf 88' lang='lat' dir='ltr'>valde</span> <span class='ocrx_word' id='word_1_264' title='bbox 573 2199 771 2240; x_wconf 88' lang='lat' dir='ltr'>adflictus</span> <span class='ocrx_word' id='word_1_265' title='bbox 795 2203 1115 2251; x_wconf 88' lang='lat' dir='ltr'>prostratusque</span> <span class='ocrx_word' id='word_1_266' title='bbox 1139 2198 1241 2248; x_wconf 88' lang='lat' dir='ltr'>solo,</span> <span class='ocrx_word' id='word_1_267' title='bbox 1265 2197 1494 2250; x_wconf 88' lang='lat' dir='ltr'>imperator</span> <span class='ocrx_word' id='word_1_268' title='bbox 1517 2197 1689 2250; x_wconf 87' lang='lat' dir='ltr'>deprae-</span> 
     </span>
     <span class='ocr_line' id='line_1_36' title="bbox 275 2255 1688 2310; baseline -0.002 -12"><span class='ocrx_word' id='word_1_269' title='bbox 275 2263 396 2298; x_wconf 86' lang='lat' dir='ltr'>catur</span> <span class='ocrx_word' id='word_1_270' title='bbox 427 2259 669 2308; x_wconf 87' lang='lat' dir='ltr'>Dominum,</span> <span class='ocrx_word' id='word_1_271' title='bbox 698 2263 747 2298; x_wconf 92' lang='lat' dir='ltr'>ut</span> <span class='ocrx_word' id='word_1_272' title='bbox 776 2258 854 2297; x_wconf 91' lang='lat' dir='ltr'>sibi</span> <span class='ocrx_word' id='word_1_273' title='bbox 884 2270 990 2310; x_wconf 89' lang='lat' dir='ltr'>quae</span> <span class='ocrx_word' id='word_1_274' title='bbox 1019 2257 1235 2309; x_wconf 89' lang='lat' dir='ltr'>sequidem</span> <span class='ocrx_word' id='word_1_275' title='bbox 1263 2256 1439 2296; x_wconf 86' lang='lat' dir='ltr'>habeatl</span> <span class='ocrx_word' id='word_1_276' title='bbox 1466 2255 1688 2308; x_wconf 87' lang='lat' dir='ltr'>dignanter</span> 
     </span>
    </p>

    <p class='ocr_par' dir='ltr' id='par_1_11' title="bbox 206 2314 1689 2548">
     <span class='ocr_line' id='line_1_37' title="bbox 206 2314 1689 2369; baseline -0.003 -11"><span class='ocrx_word' id='word_1_277' title='bbox 206 2323 253 2358; x_wconf 89' lang='lat'>35</span> <span class='ocrx_word' id='word_1_278' title='bbox 275 2317 473 2358; x_wconf 86' lang='lat' dir='ltr'>insinuet.</span> <span class='ocrx_word' id='word_1_279' title='bbox 520 2318 623 2357; x_wconf 90' lang='lat' dir='ltr'>Erat</span> <span class='ocrx_word' id='word_1_280' title='bbox 651 2322 795 2358; x_wconf 87' lang='lat' dir='ltr'>autem</span> <span class='ocrx_word' id='word_1_281' title='bbox 822 2322 925 2357; x_wconf 88' lang='lat' dir='ltr'>tunc</span> <span class='ocrx_word' id='word_1_282' title='bbox 952 2317 1068 2369; x_wconf 93' lang='lat' dir='ltr'>apud</span> <span class='ocrx_word' id='word_1_283' title='bbox 1097 2316 1311 2368; x_wconf 89' lang='lat' dir='ltr'>Ephesum</span> <span class='ocrx_word' id='word_1_284' title='bbox 1341 2315 1485 2355; x_wconf 86' lang='lat' dir='ltr'>Dalius</span> <span class='ocrx_word' id='word_1_285' title='bbox 1516 2314 1689 2367; x_wconf 90' lang='lat' dir='ltr'>quidam</span> 
     </span>
     <span class='ocr_line' id='line_1_38' title="bbox 275 2374 1688 2429; baseline -0.002 -13"><span class='ocrx_word' id='word_1_286' title='bbox 275 2377 398 2419; x_wconf 89' lang='lat' dir='ltr'>valde</span> <span class='ocrx_word' id='word_1_287' title='bbox 424 2377 540 2419; x_wconf 90' lang='lat' dir='ltr'>dives</span> <span class='ocrx_word' id='word_1_288' title='bbox 563 2377 607 2417; x_wconf 91' lang='lat' dir='ltr'>in</span> <span class='ocrx_word' id='word_1_289' title='bbox 631 2376 865 2429; x_wconf 90' lang='lat' dir='ltr'>pecoribus,</span> <span class='ocrx_word' id='word_1_290' title='bbox 891 2376 962 2429; x_wconf 92' lang='lat' dir='ltr'>qui</span> <span class='ocrx_word' id='word_1_291' title='bbox 986 2375 1232 2416; x_wconf 87' lang='lat' dir='ltr'>circumiens</span> <span class='ocrx_word' id='word_1_292' title='bbox 1256 2379 1445 2414; x_wconf 91' lang='lat' dir='ltr'>montem</span> <span class='ocrx_word' id='word_1_293' title='bbox 1469 2374 1688 2424; x_wconf 90' lang='lat' dir='ltr'>Chilleum,</span> 
     </span>
     <span class='ocr_line' id='line_1_39' title="bbox 275 2432 1687 2489; baseline -0.003 -13"><span class='ocrx_word' id='word_1_294' title='bbox 275 2436 397 2476; x_wconf 88' lang='lat' dir='ltr'>iussit</span> <span class='ocrx_word' id='word_1_295' title='bbox 435 2449 585 2489; x_wconf 89' lang='lat' dir='ltr'>pueros</span> <span class='ocrx_word' id='word_1_296' title='bbox 622 2448 733 2486; x_wconf 81' lang='lat' dir='ltr'>suOS,</span> <span class='ocrx_word' id='word_1_297' title='bbox 771 2435 932 2478; x_wconf 88' lang='lat' dir='ltr'>dicens:</span> <span class='ocrx_word' id='word_1_298' title='bbox 972 2435 1226 2487; x_wconf 86' lang='lat' dir='ltr'>Praeparate</span> <span class='ocrx_word' id='word_1_299' title='bbox 1264 2434 1330 2473; x_wconf 87' lang='lat' dir='ltr'>hic</span> <span class='ocrx_word' id='word_1_300' title='bbox 1367 2433 1509 2473; x_wconf 88' lang='lat' dir='ltr'>caulas</span> <span class='ocrx_word' id='word_1_301' title='bbox 1547 2432 1687 2473; x_wconf 89' lang='lat' dir='ltr'>oribus</span> 
     </span>
     <span class='ocr_line' id='line_1_40' title="bbox 276 2492 1687 2548; baseline -0.003 -13"><span class='ocrx_word' id='word_1_302' title='bbox 276 2496 443 2546; x_wconf 76' lang='lat' dir='ltr'>nostris,</span> <span class='ocrx_word' id='word_1_303' title='bbox 476 2496 573 2548; x_wconf 90' lang='lat' dir='ltr'>quia</span> <span class='ocrx_word' id='word_1_304' title='bbox 602 2500 836 2547; x_wconf 89' lang='lat' dir='ltr'>oportunus</span> <span class='ocrx_word' id='word_1_305' title='bbox 865 2499 930 2534; x_wconf 87' lang='lat' dir='ltr'>est</span> <span class='ocrx_word' id='word_1_306' title='bbox 958 2494 1026 2534; x_wconf 91' lang='lat' dir='ltr'>hic</span> <span class='ocrx_word' id='word_1_307' title='bbox 1053 2494 1169 2534; x_wconf 87' lang='lat' dir='ltr'>locus</span> <span class='ocrx_word' id='word_1_308' title='bbox 1198 2493 1252 2533; x_wconf 87' lang='lat' dir='ltr'>ad</span> <span class='ocrx_word' id='word_1_309' title='bbox 1282 2492 1493 2546; x_wconf 87' lang='lat' dir='ltr'>pascenda</span> <span class='ocrx_word' id='word_1_310' title='bbox 1523 2504 1687 2545; x_wconf 88' lang='lat' dir='ltr'>pecora.</span> 
     </span>
    </p>
   </div>
   <div class='ocr_carea' id='block_1_8' title="bbox 376 2598 1638 2649">
    <p class='ocr_par' dir='ltr' id='par_1_12' title="bbox 376 2598 1638 2649">
     <span class='ocr_line' id='line_1_41' title="bbox 376 2598 1638 2649; baseline -0.003 -11"><span class='ocrx_word' id='word_1_311' title='bbox 376 2604 389 2625; x_wconf 86' lang='lat'>1</span> <span class='ocrx_word' id='word_1_312' title='bbox 415 2604 540 2649; x_wconf 87' lang='lat' dir='ltr'>sequi</span> <span class='ocrx_word' id='word_1_313' title='bbox 559 2602 729 2638; x_wconf 85' lang='lat' dir='ltr'>debeat</span> <span class='ocrx_word' id='word_1_314' title='bbox 752 2601 841 2647; x_wconf 87' lang='lat' dir='ltr'>(vgl.</span> <span class='ocrx_word' id='word_1_315' title='bbox 865 2601 913 2637; x_wconf 89' lang='lat' dir='ltr'>H.</span> <span class='ocrx_word' id='word_1_316' title='bbox 932 2601 975 2636; x_wconf 84' lang='lat' dir='ltr'>F.</span> <span class='ocrx_word' id='word_1_317' title='bbox 994 2600 1060 2643; x_wconf 90' lang='lat' dir='ltr'>IV,</span> <span class='ocrx_word' id='word_1_318' title='bbox 1080 2602 1123 2635; x_wconf 88' lang='lat'>11</span> <span class='ocrx_word' id='word_1_319' title='bbox 1147 2599 1250 2646; x_wconf 89' lang='lat' dir='ltr'>quod</span> <span class='ocrx_word' id='word_1_320' title='bbox 1270 2600 1378 2645; x_wconf 87' lang='lat' dir='ltr'>sequi</span> <span class='ocrx_word' id='word_1_321' title='bbox 1397 2598 1638 2643; x_wconf 89' lang='lat' dir='ltr'>debeamus).</span> 
     </span>
    </p>
   </div>
  </div>
 </body>
</html>
