1786 3016
917 236 1127 277 -46-

311 352 447 404 ipsam
473 352 667 405 genetrix
694 353 890 396 reddedit
918 354 1239 407 conprobatam,
1267 367 1364 396 cum
1392 355 1444 399 de
1470 349 1596 398 rebus
1623 357 1726 411 ipsis

311 411 355 451 in
382 412 576 464 sequenti
603 412 688 453 filie
717 413 900 465 quedam
924 413 1162 466 repetendil
1188 414 1382 456 districta
1405 415 1599 457 ristituit.
1644 415 1727 459 Sed
1779 433 1784 436 ’

312 483 408 510 cum
439 471 674 524 <saepius>
703 484 780 525 ego
810 472 878 512 vel
907 473 1038 512 frater
1067 477 1211 514 noster
1240 473 1462 515 Maroveus
1492 474 1728 529 episcopus,

314 530 499 582 acceptis
532 531 743 582 regalibus
779 531 1012 584 aepistulis‚
1047 537 1097 572 ut
1122 545 1191 572 eas
1218 533 1440 585 pacificare
1466 533 1728 586 deberemus,

272 593 293 628 5
318 588 625 642 Berthegundis
646 589 820 631 advenit
841 589 1061 641 Thoronis‚
1081 591 1125 631 in
1146 591 1300 632 iudicio
1324 604 1490 646 quoque
1511 593 1729 644 accedens,

315 649 528 700 coegimus
546 661 654 700 eam,
672 649 715 690 in
736 654 945 702 quantum
963 650 1193 703 potuimus,
1211 651 1419 691 rationem
1437 651 1576 705 sequi3
1593 657 1730 694 mater

314 719 414 747 vero
441 708 528 748 eius
556 708 671 749 flecti
699 721 785 749 non
812 709 968 761 potuit.
1010 707 1129 750 Tunc
1157 714 1348 750 accense²
1375 711 1483 762 felle,
1510 711 1565 753 ad
1590 724 1730 766 regem

315 766 436 816 abiit,
462 767 582 819 quasi
605 767 737 807 filiam
762 768 1106 810 exhereditatura
1129 769 1180 811 de
1203 770 1408 810 facultate
1431 775 1628 823 paterna3
1650 771 1731 812 hac

314 825 358 865 in
376 826 634 878 presenciam
651 827 758 879 regis
776 839 990 880 exponens
1009 840 1254 881 causasque,
1273 829 1402 869 filiae⁸
1419 829 1607 881 absente,
1623 830 1731 872 iudi-

245 890 294 923 10
316 889 460 925 catum
480 890 544 926 est
563 886 613 936 ei,
634 891 697 936 ut,
720 892 917 938 quartam
938 892 1102 939 partem
1122 887 1233 928 filiae
1252 888 1511 939 restitutam,
1530 893 1616 930 tres
1634 901 1732 930 cum

316 944 544 997 nepotibus
565 945 664 995 suis,
688 957 791 997 quos
813 946 863 988 de
886 946 974 986 filio
994 958 1079 986 uno
1098 946 1299 998 habebat,
1319 947 1540 1000 reciperat.
1578 948 1628 990 In
1649 961 1732 1002 qua

317 1015 445 1043 causa
464 1002 765 1044 Theutherius⁴
785 1005 1004 1057 presbiter,
1028 1006 1244 1059 qui'nupir
1263 1019 1315 1047 ex
1334 1007 1592 1050 refrendario
1614 1006 1733 1061 Sigy-

317 1061 457 1103 berthi
481 1063 589 1116 regis
615 1075 842 1104 conversus
868 1064 1089 1117 presbiteri
1114 1065 1315 1106 honorem
1339 1066 1516 1120 accepit,
1543 1067 1732 1118 accessit,

318 1127 368 1162 ut
390 1122 470 1162 hac
492 1122 751 1164 devisionem
773 1123 894 1164 iuxta
915 1124 1022 1176 regis
1044 1124 1267 1177 imperium
1290 1125 1604 1174 celeb<r>aret.
1645 1126 1732 1177 Set,

248 1186 295 1220 15
318 1181 540 1222 resistente
564 1182 668 1233 filia,
692 1195 768 1222 nec
793 1182 945 1225 divisio
970 1184 1098 1234 facta,
1123 1197 1200 1224 nec
1224 1184 1470 1225 scandalum
1491 1185 1733 1228 resedatum

318 1245 396 1280 est.

400 1310 465 1351 34.
501 1311 706 1364 Rigundis
729 1324 843 1363 vero,
866 1312 955 1352 filia
979 1313 1213 1366 Chilperici,
1237 1326 1334 1354 cum
1357 1314 1496 1367 sepius
1517 1314 1646 1355 matri
1666 1326 1735 1355 ca-

318 1368 500 1410 lumnias
520 1370 707 1421 inferret,
727 1371 959 1424 diceritque
979 1385 1021 1412 se
1041 1370 1378 1423 esse'dominaim
1395 1373 1734 1426 genetricemque

320 1441 441 1468 suam
469 1430 641 1470 servitio
668 1430 908 1482 redeberiff,
927 1436 969 1471 et
995 1432 1139 1472 multis
1169 1444 1263 1472 eam
1291 1438 1334 1473 et
1362 1432 1507 1473 crebro
1535 1432 1734 1475 conviciis

250 1493 298 1528 20
320 1487 547 1539 lacesserit,
572 1502 621 1529 ac
643 1489 857 1532 interdum
881 1491 1031 1543 pugnis
1055 1504 1097 1531 se
1121 1491 1339 1545 alapisque
1363 1491 1572 1543 cederent,
1596 1492 1658 1533 ait
1680 1491 1735 1534 ad

320 1559 414 1587 eam
439 1553 594 1589 mater:
621 1561 638 1587 <‹
669 1549 778 1602 Quid
804 1550 907 1589 mihi
932 1550 1110 1591 molesta
1135 1563 1192 1602 es,
1217 1551 1340 1592 filia?
1381 1551 1487 1592 Ecce
1511 1564 1576 1591 res
1602 1551 1736 1605 patris

320 1607 399 1658 tui,
427 1620 506 1660 que
531 1620 684 1660 paenes
709 1621 775 1648 me
800 1609 1026 1660 habentur,
1051 1610 1192 1663 accipe
1217 1616 1260 1651 et
1284 1615 1417 1661 utere,
1441 1615 1491 1651 ut
1514 1610 1694 1651 liberes⁸.
1721 1623 1738 1650 ι)

323 1666 380 1706 Et
396 1667 582 1719 ingressa
598 1668 642 1707 in
658 1668 828 1720 registo,
846 1669 1041 1709 riseravit
1058 1682 1199 1709 arcam
1217 1669 1443 1710 monilibus
1461 1669 1738 1710 ornamentis-

324 1738 404 1777 que
428 1727 624 1779 preciosis
648 1728 860 1768 refertam.
903 1728 963 1768 De
990 1741 1073 1780 qua
1096 1729 1299 1782 cum[qui]
1322 1729 1556 1772 diutissime
1578 1742 1644 1770 res
1666 1728 1738 1771 de-

253 1790 300 1825 25
323 1797 465 1825 versas
483 1786 709 1826 extrahens
727 1787 839 1827 filiae
858 1787 1049 1828 adstanti
1066 1789 1309 1841 porregerit,
1328 1789 1388 1836 ait
1406 1788 1460 1831 ad
1478 1801 1592 1829 eam:
1611 1800 1628 1828 <‹
1645 1788 1738 1828 Iam

323 1844 434 1883 enim
454 1845 611 1885 lassata
622 1858 735 1896 sum3
756 1846 958 1897 inmitito,
979 1847 1143 1900 inquid,
1165 1852 1394 1888 manumet
1413 1848 1521 1888 eiece
1544 1847 1656 1900 quod
1675 1848 1738 1888 in-

324 1904 500 1944 veneris.
523 1918 540 1944 ›>
559 1902 748 1957 Cu'mque
767 1906 854 1956 illa,
874 1906 1047 1946 inmisso
1067 1903 1252 1958 brachio,
1273 1920 1337 1947 res
1357 1907 1408 1950 de
1428 1907 1556 1947 archa
1575 1905 1738 1947 abstra-

272 2013 274 2018 ,
325 1961 457 2013 heret,
490 1963 770 2016 adprehensa⁷
800 1970 938 2005 mater
968 1966 1181 2018 operturio
1212 1966 1349 2017 arche,
1380 1979 1504 2019 super
1533 1965 1738 2006 cervicem

325 2021 413 2061 eius
430 2022 576 2063 inlisit.
618 2024 739 2076 Quod
758 2037 854 2064 cum
871 2024 1185 2067 fortitudinem⁸
1202 2024 1423 2078 premeret,
1441 2025 1579 2078 adque
1594 2025 1739 2077 gulam

256 2086 303 2120 30
325 2085 347 2128 <
359 2081 447 2121 eius
460 2085 482 2129 >
501 2083 591 2122 axis
611 2082 780 2122 inferior
799 2084 861 2123 ita
880 2084 1127 2135 adterreret,
1146 2089 1195 2125 ut
1215 2085 1345 2124 etiam
1365 2085 1474 2125 oculi
1492 2085 1547 2127 ad
1566 2096 1739 2138 crepan-

326 2140 428 2181 dum
454 2142 592 2193 parati
618 2147 771 2192 essent,
797 2143 1053 2183 exclamavit
1078 2157 1163 2184 una
1188 2144 1436 2196 puellarum,
1465 2143 1536 2196 qui
1561 2148 1653 2183 erat
1676 2143 1739 2183 in-

325 2199 545 2250 trinsecus,
579 2213 680 2241 voce
716 2214 869 2253 magna
902 2202 1062 2243 dicens:
1097 2216 1113 2242 «
1136 2203 1331 2254 Curritte,
1367 2215 1511 2255 quesn,
1544 2202 1739 2253 curritte3

327 2271 420 2298 ecce
443 2259 614 2300 domina
637 2273 730 2300 mea
750 2261 937 2312 graviter
959 2274 983 2301 a
1004 2262 1240 2314 genetricae
1263 2275 1338 2302 sua
1360 2262 1622 2314 suggillatur.
1643 2274 1662 2309 p>
1683 2261 1740 2302 Et

326 2323 571 2370 rumpentes
588 2320 792 2370 cellolam,
813 2320 884 2372 qui
900 2333 1042 2360 coram
1058 2321 1217 2361 foribus
1234 2334 1378 2361 eorum
1395 2321 1740 2374 prestulabantur

258 2382 306 2416 35
328 2376 577 2428 adventum,
602 2384 767 2419 erutam
793 2379 847 2419 ab
872 2379 1119 2420 imminente
1144 2380 1319 2421 interitu
1345 2381 1529 2434 puellam
1553 2379 1740 2422 adduxe-

327 2441 426 2476 rant
445 2437 558 2477 foris.
596 2438 698 2478 Post
716 2438 799 2478 ista
820 2451 919 2478 vero
937 2439 1047 2479 inter
1066 2440 1235 2482 easdem
1252 2439 1499 2480 inimiciciae
1518 2439 1739 2479 vehemen-

428 2568 442 2588 1
468 2569 767 2613 repetenti.—
788 2569 1068 2606 ²accensa.—
1090 2570 1457 2607 ³causasfilia.—-.
1477 2569 1739 2606 ⁴*Theutha-

329 2620 435 2656 rius.
455 2641 491 2645 —
509 2622 524 2643 ⁵
541 2623 634 2657 nach
650 2623 795 2657 Bonnet
814 2639 851 2650 =
868 2622 1099 2660 redhiberet.
1119 2645 1155 2648 —
1176 2623 1333 2660 ⁶libet.
1352 2645 1389 2649 -
1411 2623 1740 2670 ⁷adprehens0.

331 2675 345 2695 ⁸
366 2684 463 2708 curn
489 2674 531 2709 in
557 2675 855 2711 fortitudine.
