1786 3016
907 216 1111 257 ..32—

292 331 472 371 fratrum
494 331 735 373 conibentia
758 333 1119 386 suspenderemus,
1161 335 1237 376 Illo
1251 340 1396 378 autem
1410 331 1515 377 haec
1525 337 1706 388 dicente,

293 403 391 430 cum
410 402 615 431 consensu
635 392 776 432 fratris
799 393 870 445 qui
889 405 1085 445 praesens
1105 399 1210 445 erat,
1230 399 1516 439 contestatam
1535 408 1707 437 causam
1750 415 1752 417 ·

294 449 556 501 canonicam,
586 451 772 503 eulogias
801 464 826 492 a
854 452 975 492 nobis
1005 453 1182 506 accepit.
1228 453 1396 495 Veritus
1425 459 1571 498 autem
1598 466 1706 506 sum,

295 521 361 558 ne,
387 507 491 550 dum
515 523 649 551 unum
674 523 699 550 a
722 512 1018 553 communione
1042 511 1366 565 suspendebam,
1390 513 1434 554 in
1456 514 1615 555 multos
1637 526 1709 554 ex-

254 572 274 606 5
298 567 489 608 sisterem
523 569 793 612 homicidam.
844 570 1089 611 Minabatur
1123 571 1234 611 enim
1269 572 1431 624 aliquos
1465 572 1518 613 de
1552 572 1715 626 populo
1743 593 1746 596 -

296 631 441 667 nostro
454 627 704 679 interficere,
720 629 755 669 si
768 630 1108 671 communionem
1121 635 1364 672 nostrorum
1377 643 1463 672 non
1472 631 1710 673 meruisset.

297 685 454 726 Multas
472 684 618 727 tamen
637 700 712 741 pro
730 688 809 728 hac
827 701 954 729 causa
972 689 1178 729 Toronica
1195 690 1308 741 regio
1327 690 1539 732 sustenuit
1556 690 1710 734 clades,

301 743 376 785 His
398 745 546 788 diebus
571 746 775 798 Nicecius‚
797 747 862 787 vir
883 748 1023 800 neptis
1044 761 1176 799 meae,
1199 749 1414 802 propriam
1434 749 1594 805 habens
1615 762 1714 790 cau-

299 816 403 854 sam,
420 805 474 847 ad
490 806 770 858 Chilpericum
784 819 924 858 regem
940 807 1045 847 abiit
1061 820 1157 848 cum
1173 807 1351 848 diacono
1365 813 1524 859 nostro,
1543 809 1615 861 qui
1627 809 1714 861 regi

229 869 277 901 10
300 863 400 916 fuga
425 865 732 913 <Merovechi>
757 872 962 907 narraret.
1012 866 1173 920 Quibus
1199 867 1315 918 visis,
1344 867 1628 920 Fredegundis
1651 880 1715 907 re-

299 922 397 973 gina
424 924 504 964 ait:
534 937 550 963 <‹
577 925 876 977 Exploratores
903 931 947 966 et
974 926 1029 968 ad
1056 926 1358 969 sciscitandum
1387 926 1488 979 quid
1515 931 1617 979 agat
1641 939 1716 967 rex
1759 963 1762 964 ⁷

302 981 579 1034 advenerunt,
595 989 645 1024 ut
658 984 794 1024 sciant
810 984 912 1037 quid
925 985 1175 1025 Merovecho
1189 986 1448 1026 renuntient.
1466 999 1483 1026 »
1497 986 1555 1026 Et
1568 985 1717 1026 statim

302 1041 525 1094 expoliatis
547 1043 591 1083 in
613 1044 737 1083 exilio
759 1043 920 1084 retrudi
942 1045 1168 1097 praecipit;
1191 1044 1242 1087 de
1267 1057 1349 1097 quo
1371 1057 1513 1085 mense
1536 1044 1718 1098 septimo

303 1101 482 1142 relaxati
504 1107 617 1143 sunt.

233 1165 281 1199 15
388 1161 521 1212 Igitur
541 1161 795 1214 Chilpericus
815 1162 987 1203 nuntios
1007 1162 1061 1202 ad
1080 1175 1156 1202 nos
1177 1162 1344 1213 direxit,
1365 1161 1527 1205 dicens:
1548 1175 1566 1202 «
1585 1161 1718 1203 Eicite

305 1225 548 1271 apostatam
562 1221 679 1261 illam
695 1221 745 1265 de
761 1221 954 1272 basilica3
971 1222 1035 1262 sin
1050 1227 1195 1262 autem
1210 1221 1340 1272 aliud,
1354 1226 1495 1262 totam
1509 1221 1721 1274 regionem

304 1277 421 1320 illam
436 1279 529 1332 igne
547 1281 812 1321 succendam.
831 1281 1051 1334 »Cumque
1067 1294 1142 1321 nos
1158 1281 1460 1334 rescripsimus,
1476 1279 1720 1333 inpossibile

306 1350 408 1388 esse,
441 1339 552 1391 quod
582 1339 844 1392 temporibus
873 1340 1154 1380 hereticorum
1182 1352 1268 1380 non
1295 1340 1450 1390 fuerat,
1479 1339 1720 1380 christianis

307 1410 419 1437 nunc
452 1399 714 1451 temporibus
748 1400 853 1450 fieri,
888 1400 976 1452 ipse
1011 1400 1243 1439 exercitum
1277 1399 1510 1439 commovit
1544 1403 1588 1438 et
1620 1397 1722 1438 illuc

238 1462 285 1494 20
309 1455 464 1508 dirigit.

390 1516 516 1556 Anno
552 1522 697 1558 autem
733 1517 917 1558 secundo
953 1517 1241 1561 Childeberthi
1274 1517 1395 1569 regis,
1430 1529 1527 1557 cum
1562 1515 1725 1559 videret
1755 1548 1758 1550 Α

310 1574 585 1616 Merovechus
601 1582 767 1629 patrem
782 1577 826 1617 in
841 1577 920 1617 hac
937 1577 1237 1619 deliberatione
1253 1576 1481 1626 intentum,
1497 1574 1726 1627 adsumpto

311 1646 453 1674 secum
478 1636 848 1677 Guntchramnum
867 1637 1032 1687 ducem,
1052 1636 1107 1678 ad
1130 1635 1453 1678 Brunechildem
1472 1646 1640 1687 pergere
1659 1645 1727 1673 co-

310 1692 436 1745 gitat,
465 1695 627 1735 dicens:
656 1709 673 1735 «
698 1696 836 1746 Absit,
864 1701 914 1736 ut
941 1700 1114 1748 propter
1140 1707 1279 1743 meam
1306 1706 1530 1747 personam
1555 1692 1728 1734 basilica

242 1757 290 1791 25
313 1751 458 1795 domni
477 1754 649 1794 Martini
668 1755 916 1795 violentiam
936 1756 1133 1807 perferat,
1154 1759 1197 1794 et
1215 1753 1328 1806 regio
1347 1753 1435 1793 eius
1454 1766 1528 1805 per
1546 1765 1612 1794 me
1631 1764 1729 1803 cap-

313 1811 487 1853 tivitate
522 1814 744 1854 subdatur.
781 1827 798 1854 »
832 1815 888 1854 Et
921 1814 1129 1866 ingressus
1163 1813 1395 1862 basilicam,
1431 1812 1533 1852 dum
1565 1810 1729 1866 vigilias

314 1877 471 1922 ageret,
490 1886 555 1913 res
577 1886 680 1926 quas
700 1886 842 1914 secum
860 1873 1047 1914 habebat
1066 1873 1120 1915 ad
1140 1872 1408 1925 sepulchrum
1426 1870 1541 1911 beati
1558 1868 1730 1910 Martini

315 1931 522 1982 exhibuit,
552 1945 690 1983 orans,
718 1938 767 1973 ut
796 1933 874 1973 sibi
902 1937 1074 1972 sanctus
1103 1935 1338 1972 occurreret
1365 1934 1495 1982 atque
1522 1929 1559 1969 ei
1585 1940 1731 1968 conce-

317 1988 434 2031 deret
459 1992 642 2043 gratiam
668 2005 802 2042 suam,
828 1997 878 2032 ut
902 2004 1078 2044 regnum
1103 2003 1298 2043 accepere
1324 1989 1471 2042 possit.
1512 1986 1732 2029 Leodastis

247 2054 294 2088 30
316 2053 420 2090 tunc
449 2063 602 2101 comeS,
631 2064 728 2093 cum
756 2051 913 2091 multas
942 2051 979 2091 ei
1006 2051 1050 2090 in
1078 2062 1218 2090 amore
1249 2047 1533 2100 Fredegundis
1560 2045 1732 2111 insidias

318 2110 526 2160 tenderet,
557 2110 611 2150 ad
641 2116 879 2151 extremum
910 2122 1060 2162 pueros
1090 2109 1192 2158 eim,
1226 2108 1296 2160 qui
1325 2108 1369 2147 in
1398 2118 1554 2160 pagum
1582 2117 1734 2157 egresffl

320 2168 503 2220 fuerant,
541 2170 851 2210 circumventos
890 2169 1010 2219 dolis,
1048 2168 1189 2221 gladio
1218 2166 1473 2215 trucidavit,
1511 2165 1734 2217 ipsumque

320 2228 558 2269 interimere
577 2229 762 2281 cupiens,
781 2230 815 2269 si
832 2229 1040 2281 repperire
1057 2229 1149 2267 loco
1168 2230 1378 2279 oportuno
1396 2224 1617 2278 potuisset.
1654 2221 1735 2264 Sed

320 2288 389 2328 ille
418 2289 590 2328 consilio
618 2302 717 2328 usus
749 2287 1058 2329 Guntchramni
1084 2291 1127 2326 et
1154 2298 1196 2325 se
1223 2284 1366 2325 ulcisci
1393 2282 1648 2331 desiderans,
1674 2294 1736 2347 re:

251 2354 299 2388 35
323 2347 478 2391 deunte
505 2348 710 2388 Marileifo
736 2348 914 2387 arcietro
940 2347 990 2388 de
1017 2344 1254 2398 praesentia
1279 2343 1400 2395 regis,
1426 2339 1737 2394 conpraehendi

324 2407 549 2459 praecipit3
584 2420 837 2458 caesumque
870 2405 1131 2458 gravissime,
1165 2403 1310 2443 ablato
1344 2414 1446 2441 auro
1479 2404 1737 2465 argentoque

323 2467 412 2506 eius
438 2468 504 2506 vel
530 2467 700 2519 reliquis
726 2466 865 2515 rebus,
894 2477 998 2516 quas
1024 2476 1166 2503 secum
1191 2460 1433 2510 exhibebat,
1460 2460 1623 2499 nudum
1646 2457 1739 2498 reh-

327 2527 438 2577 quit3
463 2531 505 2566 et
527 2526 797 2566 interficisset
820 2524 983 2575 utique,
1008 2523 1042 2562 si
1064 2535 1148 2562 non
1171 2522 1281 2561 inter
1303 2531 1450 2559 manos
1472 2517 1739 2560 caedentium

326 2587 493 2638 elapsus
532 2586 725 2625 eclesiam
764 2584 1007 2636 expetisset.
1071 2582 1204 2634 Quem
1243 2592 1318 2619 nos
1357 2583 1504 2631 postea
1541 2576 1739 2616 indutum

255 2652 301 2686 40
326 2645 603 2695 vestimentis,
622 2644 799 2684 obtenta
814 2643 919 2691 vita,
939 2642 1171 2681 Pectavum
1186 2638 1435 2680 remisimus,
1468 2635 1739 2676 Merovechus
