1786 3016
689 239 901 280 *21-

272 326 318 349 μ’),
363 328 365 330 ·

207 356 367 410 &Qec
390 359 568 403 audiens
592 355 856 401 Theodosius
881 359 1128 412 imperator,
1154 358 1339 400 surrexit
1365 371 1390 399 a
1415 358 1504 399 cili-

29 442 54 477 ν,
79 468 81 472 v
114 467 134 473 -.
158 466 162 467 ⁷
199 415 281 470 ’Μ
288 419 524 462 extendens
549 431 702 462 manus
728 431 826 460 suas
851 419 906 462 ad
935 419 1087 469 Deum,
1113 418 1195 459 ait:
1226 419 1397 460 Gratias
1423 431 1504 472 ago

18 511 25 518 „
99 471 102 474 “
121 469 170 490 ¹
161 471 354 538 r'Quamne
379 478 482 520 Jesu
501 478 682 530 Christe,
702 478 764 519 sol
783 478 989 529 iustitiae,
1011 479 1084 531 qui
1104 478 1304 530 dignatus
1324 491 1368 519 es
1387 483 1505 519 tene-

29 533 175 595 „iustu-uu
179 527 440 586 mortalium
465 543 568 580 tuae
593 538 790 579 veritatis
816 535 910 579 luce
936 551 1196 591 respergere;
1237 539 1398 591 gratias
1424 538 1506 579 tibi

59 604 170 661 fago,
196 598 272 655 qui
298 610 386 640 non
417 598 647 653 permisisti
675 599 893 639 lucernam
924 598 1200 638 confessionis
1229 611 1349 638 meae
1378 598 1503 639 tetris
1527 603 1548 638 5

31 651 355 706 §samonum
383 657 635 712 caliginibus
664 657 868 699 obvelari.
915 658 972 698 Et
1000 658 1105 698 haec
1134 658 1293 708 dicens,
1323 658 1506 699 ascensis

28 708 331 773 ssssmquitibuffl
367 730 467 759 cum
503 730 672 760 summa
709 718 984 758 festinatione
1022 717 1142 758 venit
1179 717 1234 760 ad
1272 718 1505 771 Ephesum.

31 776 312 847 *Episcopus
344 783 491 819 autem
523 791 622 818 cum
655 778 872 831 praefecto
905 782 949 817 et
982 790 1151 818 omnem
1183 777 1508 820 multitudinem

73 834 263 887 civitatis
277 837 383 879 exiit
396 837 440 878 in
455 850 677 878 occursum
691 837 974 891 imperatoris.
1005 837 1347 880 Ascendentibus
1362 843 1509 879 autem

23 896 156 949 „mig
185 897 232 939 in
260 901 468 948 montem,
500 894 655 950 egressi
687 902 788 938 sunt
821 897 958 938 sancti
990 900 1202 950 martyres
1246 898 1290 938 in
1335 897 1508 938 obviam
1531 903 1582 937 10

13 1007 15 1011 ι
42 968 50 1006 ᾗ
74 957 274 1011 Augusti,
293 961 338 998 et
356 958 496 998 factae
517 962 619 998 sunt
639 957 767 998 facies
787 970 935 1000 eorum
955 962 1181 1011 tamquam
1201 957 1294 998 sol
1283 971 1327 998 ln
1348 957 1510 999 virtute

5 1011 13 1071 J
75 1015 262 1070 fulgen83
283 1017 523 1070 cecidith
545 1017 766 1070 Augustus
788 1017 832 1058 in
854 1022 969 1058 terra
991 1022 1035 1058 et
1058 1017 1256 1060 adoravit
1278 1030 1365 1068 eos,
1386 1017 1512 1070 glori-

66 1076 213 1119 ‘iicans
229 1077 382 1118 Deum.
416 1077 475 1118 Et
490 1089 679 1130 surgens,
696 1077 907 1118 osculavit
923 1089 994 1117 eos
1010 1090 1059 1118 ac
1075 1077 1199 1126 flevit
1214 1090 1341 1131 super
1355 1078 1511 1119 collum

31 1134 410 1191 uniuscuiusque
433 1149 595 1187 eorum,
619 1137 783 1179 dicens:
810 1137 878 1179 Sic
901 1137 1026 1179 video
1049 1138 1177 1178 facies
1200 1142 1380 1188 vestras,
1402 1143 1514 1179 tam-

14 1201 47 1252 jj
80 1209 211 1252 quam
233 1196 270 1238 si
292 1197 471 1240 videam·
488 1196 711 1240 dominum
735 1210 879 1238 meum
909 1197 1056 1238 Jesum
1081 1197 1312 1248 Christum,
1340 1197 1512 1251 quando
1536 1202 1584 1238 15

79 1256 256 1298 vocexit
271 1256 482 1298 Lazarum
498 1256 551 1299 de
566 1262 861 1308 monumento,
878 1257 946 1298 cui
960 1257 1174 1298 inmensas
1188 1258 1350 1310 gratias
1364 1259 1514 1309 refero,

70 1316 198 1371 -quod
227 1329 316 1358 non
347 1316 569 1359 fraudavit
599 1329 667 1357 me
699 1329 818 1370 spem
848 1317 1181 1359 resurrectionis.

22 1440 39 1454 Ἰ,
165 1399 230 1442 12.
259 1399 594 1450 Maximinianus
631 1405 778 1441 autem
815 1400 1058 1454 respondit.
1099 1401 1231 1452 Scito,
1268 1401 1516 1455 imperator,

35 1485 41 1489 «
83 1459 185 1515 quia
208 1459 264 1502 ad
288 1459 634 1502 confirmandum
659 1460 791 1503 fidem
815 1464 938 1501 tuam
963 1473 1040 1501 nos
1067 1461 1276 1502 Dominus
1289 1474 1515 1528 resurgere
1621 1504 1624 1507 Δ

81 1519 219 1562 iussit.
247 1519 359 1574 Ergo
382 1519 537 1574 iugiter
562 1520 735 1562 fidens
724 1534 768 1562 1n
793 1533 891 1562 eum
917 1526 961 1562 et
986 1533 1205 1574 cognosce,
1228 1521 1328 1576 quia
1352 1521 1430 1562 fiet
1454 1535 1517 1562 re·
1539 1527 1588 1562 20

28 1578 55 1634 f„
83 1579 291 1622 surrectio
317 1585 604 1631 mortuorum,
631 1593 729 1621 cum
757 1593 834 1621 nos
861 1580 986 1623 hodie
1014 1581 1161 1623 videas
1189 1586 1288 1635 post
1313 1595 1519 1623 resurrec-

41 1640 44 1642 ’
82 1640 246 1682 tionem
263 1639 382 1693 loqui
400 1645 545 1681 tecum
565 1645 697 1694 atque
717 1653 912 1681 enarrare
932 1641 1147 1694 magnalia
1168 1641 1260 1682 Dei.
1296 1641 1518 1695 Multaque

19 1696 42 1716 ²
85 1705 130 1742 et
155 1699 241 1741 alia
263 1699 489 1754 loquentes
514 1712 612 1741 cum
638 1713 702 1751 eo,
729 1700 886 1742 iterum
913 1702 1118 1755 prostrati
1140 1702 1187 1755 ⁴in
1212 1707 1341 1752 terra,
1368 1701 1520 1743 obdor-

85 1759 287 1810 mierunt,
301 1758 523 1803 tradentes
540 1760 705 1801 animas
723 1773 820 1801 suas
846 1761 933 1814 regi
958 1761 1176 1803 inmortali
1195 1762 1369 1815 Deoque
1387 1762 1521 1803 omni-

22 1832 38 1845 ³
86 1819 270 1875 potenti.
315 1818 432 1861 Haec
458 1819 608 1862 videns
634 1819 882 1874 imperator,
907 1821 994 1863 ruit
1020 1835 1146 1876 super
1171 1834 1349 1876 corpora
1374 1835 1521 1863 eorum
1543 1827 1592 1863 25

86 1884 132 1921 et
149 1878 260 1921 flens
281 1879 556 1932 osculabatur
577 1892 662 1931 eos,
683 1882 964 1935 auferensque
986 1882 1246 1923 vestimenta
1266 1894 1358 1933 sua,
1379 1882 1522 1936 posuit

88 1952 215 1994 super
239 1938 348 1991 illos,
375 1939 587 1983 mandans
613 1939 717 1981 fiere
743 1941 904 1982 loculos
932 1954 1097 1993 aureos,
1124 1942 1169 1983 in
1198 1942 1352 1996 quibus
1378 1955 1523 1983 recon-

27 2051 30 2055 ,
89 1998 304 2043 dex-entur.
345 1998 428 2042 Sed
449 1999 494 2040 in
515 2013 566 2041 ea
587 2005 712 2041 nocte
734 2006 1028 2055 apparuerunt
1050 2001 1202 2053 sancti,
1224 2002 1436 2044 dicentes:
1460 2002 1522 2043 Ne
1589 2029 1592 2031 Δ

17 2075 35 2101 5
89 2059 254 2111 feceris,
274 2059 348 2102 sed
367 2059 557 2113 relinque
578 2072 655 2100 nos
677 2067 802 2114 super
822 2066 1002 2113 terram3
1025 2061 1075 2104 de
1097 2075 1147 2103 ea
1167 2062 1323 2103 iterum
1344 2062 1523 2103 suscita-

12 2127 16 2164 ζ
34 2166 37 2171 Γ
91 2118 158 2160 vit
176 2118 384 2160 Dominus
402 2119 447 2160 in
465 2119 532 2160 die
551 2132 707 2174 magno
724 2121 1043 2162 resurrectionis
1063 2122 1199 2162 omnis
1218 2122 1370 2163 carnis.
1404 2122 1523 2163 Tunc
1546 2128 1595 2163 30

2 2175 47 2229 ἔῃ,
91 2178 326 2232 imperator
353 2178 583 2220 fabricavit
613 2193 740 2234 super
769 2193 839 2221 eos
869 2180 1046 2222 basilica
1075 2194 1231 2235 magna
1261 2187 1305 2223 et
1334 2181 1436 2223 fecit
1465 2181 1525 2223 ibi

91 2238 409 2292 receptaculum
445 2239 718 2294 pauperibus,
754 2240 969 2295 imperans
1004 2254 1077 2282 eos
1114 2242 1215 2282 aleri
1251 2242 1302 2284 de
1339 2242 1524 2296 publico.

5 2302 37 2353 ,ιῇ-
93 2297 434 2352 Convocatisque
449 2299 672 2353 episcopis,
689 2300 949 2342 caelebravit
965 2301 1248 2342 festivitatem
1265 2306 1527 2353 sanctorum,

2 2371 9 2401 ς
23 2367 37 2401 -.’
69 2391 71 2394 ⁴
94 2362 140 2399 et
159 2369 306 2400 omnes
323 2358 674 2412 glorificaverunt
696 2360 849 2412 Deum,
870 2361 939 2402 cui
958 2366 1023 2402 est
1043 2362 1087 2402 in
1107 2361 1317 2403 Trinitate
1339 2362 1528 2416 perfecta

95 2417 232 2459 honor
253 2423 298 2460 et
317 2418 452 2472 gloria
474 2419 518 2460 in
541 2420 710 2461 saecula
733 2421 1013 2463 saeculorum.
1052 2422 1206 2462 Amen.
1551 2426 1599 2462 35

180 2501 368 2555 Explicit
396 2502 536 2556 passio
563 2508 810 2545 sanctorum
839 2509 1080 2558 martyrum
1109 2506 1193 2546 VII
1223 2505 1528 2548 dormientium

97 2560 214 2616 apud
237 2561 470 2615 Ephesum,
490 2563 702 2604 translata
724 2564 767 2604 in
789 2564 973 2606 latinum
997 2578 1071 2618 per
1094 2565 1347 2619 >Gregorium
1369 2566 1529 2619 episco-

28 2619 45 2648 Ῑ
98 2633 217 2675 pum,
255 2621 564 2676 interpretante
610 2623 633 2664 J
638 2623 804 2664 ohanne
847 2624 970 2677 Syro,
1012 2638 1119 2678 quae
1160 2625 1414 2666 observatur
1456 2626 1528 2667 IV.

0 2705 2 2749 [
39 2704 46 2708 ·
101 2678 166 2724 Id.
186 2680 287 2734 Ags.
