1786 3016
689 240 740 246 -
773 216 904 259 29.-

216 356 249 369 =·
271 334 314 380 ,“·>
341 353 347 370 ι
377 366 393 388 ,
418 347 545 390 super
574 348 673 377 eum
702 335 896 387 inruunt,
926 340 971 378 et
1002 336 1242 380 scindentes
1273 337 1508 380 tentorium

157 420 185 452 ³,
215 392 444 451 ipsumque
479 395 679 436 convitiis
714 401 1017 450 exasperantes
1053 409 1103 437 ac
1140 396 1184 437 vi
1219 397 1508 449 detrahentes,

79 500 81 502 ,
155 475 161 490 ι
203 452 317 499 ‘oete
332 453 577 507 voluerunt,
595 455 631 496 si
647 468 745 498 cum
760 455 843 496 illis
860 455 976 496 abire
993 455 1191 497 deferret
1228 456 1343 497 Haec
1360 457 1510 499 videns

71 501 367 583 νᾗᾮὺμηιὶῐεῙιαιιιιε,
389 514 554 556 invitus
578 515 686 556 abiit
710 527 809 557 cum
834 515 906 556 eis.
948 516 1007 556 At
1031 515 1106 566 illi,
1131 515 1239 556 inito
1263 517 1510 567 certamine,

32 577 270 620 maxima
290 573 346 616 ab
368 574 623 618 adversariis
645 574 921 616 internitione
944 575 1197 626 caeduntur,
1220 580 1430 628 tantaque
1453 575 1509 617 ab
1531 580 1552 617 5

26 638 263 692 ffmtto'que
288 634 478 676 exercitu
494 633 731 676 multitudo
753 634 920 685 cecidit,
938 640 988 676 ut
1005 648 1082 676 nec
1099 635 1324 676 aestimare
1341 648 1418 676 nec
1435 649 1513 677 nu-

27 700 242 761 *smerare
268 694 467 748 paenitus
495 694 644 748 possit.
690 694 810 735 Tunc
845 694 1116 736 Chlotharius
1152 694 1276 736 valde
1311 696 1513 736 confusus

38 755 231 814 ffiW-[pncem
250 753 392 808 petiit,
411 753 571 805 dicens,
604 767 646 795 se
663 766 750 794 non
767 767 844 795 sua
861 754 1085 795 voluntate
1103 767 1229 808 super
1245 767 1316 795 eos
1333 755 1513 796 venisse.

87 811 184 869 Qua
199 812 394 866 obtenta,
410 813 466 856 ad
487 814 703 868 propriam
722 813 863 855 rediit.

336 933 727 987 c)'Chilperichs
759 933 980 986 Bildung
1012 934 1085 984 (H.
1105 934 1154 974 F.
1185 934 1231 984 V,
1255 933 1338 984 44).
1538 939 1586 974 10

22 1067 38 1075 „
166 1017 246 1059 Per
284 1016 399 1060 idem
438 1021 610 1070 tempus
647 1017 906 1070 Chilpericus
946 1030 1020 1058 rex
1062 1017 1230 1070 scripsit
1270 1017 1516 1068 indicolum,

24 1073 28 1078 ⁵
81 1081 134 1120 ut
179 1082 330 1119 sancta
366 1076 554 1118 Trinitas
595 1089 681 1118 non
722 1077 766 1117 in
804 1090 1081 1131 personarum
1118 1077 1407 1128 distinctione,
1444 1076 1518 1118 sed

19 1144 31 1186 j
82 1141 258 1179 tantum
309 1137 423 1178 Deus
467 1137 775 1188 nominaretur,
825 1137 1023 1179 adserens
1060 1137 1283 1190 indignum
1321 1149 1425 1187 esse,
1467 1141 1519 1178 ut

86 1197 202 1240 Deus
239 1209 420 1252 persona
465 1197 576 1238 sicut
621 1197 750 1237 homo
795 1210 972 1238 carneus
1024 1197 1338 1247 nominaretur;
1389 1196 1519 1238 adfir-

83 1269 208 1302 mans
232 1256 365 1299 etiam
397 1256 539 1310 ipsum
572 1269 661 1297 esse
688 1257 874 1308 Patrem,
911 1257 984 1324 qui
1017 1257 1102 1297 estl
1139 1256 1285 1307 Filius,
1317 1256 1516 1309 idemque
1540 1260 1591 1296 15

84 1317 227 1372 ipsum
258 1329 348 1358 esse
383 1316 591 1370 Spiritum
624 1321 836 1376 sanctum,
871 1317 944 1369 qui
977 1317 1104 1357 Pater
1136 1321 1180 1357 et
1204 1289 1349 1357 Fili’us.
1392 1329 1409 1356 «
1436 1315 1518 1366 Sic,

86 1376 253 1432 inquid,
294 1376 515 1430 prophetis
555 1389 604 1417 ac
639 1373 899 1430 patriarchis
940 1376 1156 1430 apparuit,
1197 1375 1255 1416 sic
1298 1389 1396 1416 eum
1427 1376 1520 1429 ipsa

84 1437 158 1479 lex
186 1436 466 1478 nuntiavit.»
488 1436 680 1489 Cumque
716 1436 820 1477 haec
851 1436 956 1478 mihi
986 1436 1163 1476 recitare
1193 1435 1399 1486 iussisset,
1438 1435 1519 1476 ait:

17 1516 19 1520 ⁴
80 1509 106 1540 s
128 1496 211 1548 Sic,
238 1496 405 1550 inquid,
433 1495 548 1547 volo,
577 1498 639 1537 et²
671 1501 721 1537 tu
756 1496 823 1536 vel
857 1496 1010 1549 reliqui
1044 1496 1239 1538 doctores
1274 1495 1522 1537 eclesiarum

24 1586 27 1589 >
86 1556 272 1600 credatis
296 1569 314 1597 »
337 1588 348 1598 .
387 1556 466 1598 Cui
487 1568 566 1609 ego
587 1556 808 1610 respondi:
834 1569 850 1596 «
876 1556 967 1597 Hac
991 1556 1245 1598 credulitate
1268 1555 1431 1606 relicta,
1455 1554 1522 1608 pie
1545 1561 1594 1594 20

86 1629 178 1668 rex,
194 1615 275 1658 hoc
297 1621 342 1658 te
367 1621 538 1670 oportet
562 1616 697 1669 sequi,
724 1616 915 1669 quo<d>
938 1615 1061 1656 nobis
1086 1620 1184 1669 post
1208 1615 1428 1669 apostulos
1452 1614 1525 1655 alii

89 1677 286 1721 doctores
315 1675 490 1717 eclesiae
512 1675 792 1729 reliquerunt,
819 1671 840 1732 ΙΙ
869 1676 984 1729 quod
1010 1675 1197 1716 Hilarius
1230 1675 1524 1727 Eusebiusque

26 1735 29 1758 ’-
79 1737 343 1795 docuerunt,
369 1735 484 1790 quod
508 1740 551 1777 et
574 1736 618 1777 in
642 1735 860 1789 baptismo
884 1749 927 1776 es
951 1737 1183 1776 confessus.
1209 1748 1226 1775 »
1247 1735 1367 1776 Tunc
1390 1734 1525 1775 iratus

28 1810 34 1838 i
89 1809 166 1839 :rex
186 1795 269 1838 ait:
292 1809 310 1837 «
329 1795 607 1838 Manifestum
629 1801 694 1836 est
715 1795 851 1837 mihi
841 1809 885 1836 m
906 1796 986 1836 hac
1008 1808 1136 1836 causa
1162 1795 1373 1835 Hilarium
1396 1794 1526 1835 Euse-

90 1856 297 1910 hiumque
312 1855 504 1899 validos
493 1855 686 1896 mimicos
701 1855 872 1896 habere.
889 1868 906 1896 ν)
921 1855 998 1897 Cui
1013 1867 1089 1908 ego
1104 1851 1324 1908 respondi:
1342 1867 1359 1894 «
1374 1853 1527 1896 Obser-
1549 1858 1597 1894 25

4 1923 20 1931 ”
92 1929 194 1959 vare
221 1915 438 1967 convenit,
465 1928 603 1969 neque
633 1915 864 1956 Dominum
890 1928 1027 1968 neque
1055 1920 1225 1956 sanctos
1252 1914 1341 1955 eius
1368 1913 1523 1954 habere

22 1978 25 1986 ’
93 1977 296 2018 offensos.
328 1976 438 2018 Nam
453 1975 575 2026 scias,
592 1976 691 2029 quia
705 1976 748 2016 in
763 1987 944 2028 persona
958 1975 1081 2016 aliter
1097 1975 1238 2025 Pater,
1253 1974 1376 2015 aliter
1391 1973 1537 2024 Filius,

3 2078 26 2090 ,Α
92 2036 218 2079 aliter
241 2036 424 2090 Spiritus
445 2040 634 2077 sanctus.
674 2035 770 2076 Non
791 2036 919 2076 Pater
938 2047 1109 2075 carnem
1129 2034 1370 2087 adsumpsit
1390 2046 1528 2086 neque

4 2108 22 2153 ζ
82 2096 281 2152 ,Spiritus
298 2101 487 2146 sanctus,
506 2095 580 2138 sed
599 2095 744 2146 Filius,
763 2100 827 2145 ut,
848 2095 920 2147 qui
937 2100 1030 2135 erat
1049 2094 1127 2135 Dei
1143 2094 1272 2145 filius,
1290 2094 1378 2147 ipse
1396 2093 1451 2135 ad
1468 2106 1530 2133 re-

95 2155 388 2210 demptionem
410 2155 594 2196 hominis
616 2155 730 2196 filius
752 2154 982 2195 haberetur
1003 2160 1047 2195 et
1070 2154 1259 2207 virginis.
1283 2154 1379 2194 Non
1403 2154 1530 2194 Pater
1553 2158 1601 2193 30

11 2235 29 2267 1
95 2229 246 2271 passus
262 2229 401 2283 neque
423 2215 607 2270 Spiritus
626 2217 814 2265 sanctus,
835 2214 908 2257 sed
928 2214 1073 2264 Filius,
1092 2220 1156 2265 ut,
1178 2214 1250 2266 qui
1267 2213 1439 2254 carnem
1457 2212 1531 2255 ad·

9 2321 26 2328 ‚.
95 2282 338 2331 sumpserat
362 2276 407 2317 in
432 2275 609 2343 mundo,
635 2275 724 2328 ipse
751 2275 1002 2315 offereretur
1028 2287 1105 2328 pro
1131 2273 1306 2314 mundo.
1352 2273 1413 2313 De
1440 2285 1532 2326 per-

5 2351 18 2382 7,·
94 2336 210 2378 sonis
231 2348 334 2377 vero
357 2335 471 2390 quod
494 2335 556 2376 ais
578 2347 664 2375 non
686 2333 962 2388 corporaliter
984 2334 1056 2375 sed
1079 2333 1328 2388 spiritaliter
1349 2332 1533 2373 sentien-

96 2395 202 2440 dum
225 2400 304 2437 est.
346 2395 397 2437 In
420 2395 485 2436 his
508 2407 608 2448 ergo
630 2395 768 2436 tribus
793 2394 982 2448 personis
1006 2406 1092 2434 una
1115 2394 1264 2447 gloria,
1287 2405 1374 2433 una
1397 2397 1533 2433 aeter-

12 2462 38 2507 ’7
82 2455 227 2507 nitas,
246 2468 335 2497 una
355 2461 561 2510 potestas.
585 2468 602 2495 ›>
620 2455 679 2496 At
699 2455 767 2495 ille
789 2459 1030 2495 commotus
1051 2453 1133 2494 ait:
1156 2466 1172 2493 «
1195 2452 1532 2506 Sapientioribus
1557 2456 1604 2491 35

18 2515 19 2518 ’
33 2549 51 2571 ,-
97 2527 125 2558 a
137 2520 182 2557 te
196 2515 301 2556 haec
317 2515 519 2569 pandam,
537 2515 610 2569 qui
624 2515 728 2557 mihi
743 2514 1029 2555 consentiant.
1047 2526 1064 2554 ι»
1078 2513 1135 2553 Et
1149 2525 1246 2566 ego:
1262 2526 1279 2552 «
1294 2513 1540 2564 Numquam

98 2575 180 2618 erit
196 2575 381 2629 sapiens,
399 2575 472 2618 sed
491 2576 664 2626 stultus,
685 2574 758 2628 qui
775 2574 879 2614 haec
900 2586 1007 2626 quae
1026 2585 1236 2626 propones
1254 2572 1374 2624 sequi
1393 2571 1535 2612 volue-

205 2683 220 2706 ²
247 2684 288 2719 et
317 2695 426 2719 verm.
456 2683 613 2718 Bonnet.
644 2702 681 2706 —
714 2680 729 2702 ²
754 2682 816 2716 ut.
