1786 3016
835 218 1062 258 ..54-

309 340 440 386 ratas,
469 335 524 377 ad
553 347 620 377 me
650 348 746 376 cum
774 335 866 388 ipso
894 335 1106 377 Leudaste
1133 335 1376 387 revertitur,
1405 335 1648 390 deprecans,
1675 340 1725 378 ut
1780 346 1786 389 ,ξ

310 407 406 436 eum
428 394 606 436 debeam
628 395 810 447 recipere
833 400 1099 436 excusatum.
1140 395 1250 445 Feci,
1272 395 1432 446 fateor,
1447 398 1490 436 et
1512 394 1726 437 occultum

310 454 476 494 hostem
496 453 662 507 publice
683 453 727 494 in
747 454 874 494 domo
895 453 1071 507 suscepi.
1110 453 1362 494 Discedente
1382 466 1482 495 vero
1501 453 1727 505 Leudaste,
1781 454 1786 474 ²

310 513 398 566 ipse
413 526 456 553 se
471 513 648 565 pedibus
663 512 766 553 meis
783 513 948 564 sternit,
964 513 1127 554 dicens:
1145 526 1160 552 «
1177 512 1266 556 Nisi
1281 525 1499 554 succurras
1513 512 1728 564 velociter,
1784 511 1786 514 ’

271 577 292 612 5
315 572 527 625 periturus
545 585 653 612 sum.
689 573 811 622 Ecce,
829 572 1058 624 instigante
1077 572 1301 623 Leudaste,
1318 573 1485 613 locutus
1502 584 1596 613 sum
1615 571 1728 625 quod

312 631 430 684 loqui
444 643 532 671 non
549 631 695 671 debui!
732 631 853 671 Nunc
871 643 971 671 vero
988 631 1078 671 aliis
1096 644 1162 671 me
1179 631 1316 684 regnis
1332 631 1501 682 emitte3
1520 631 1633 684 quod
1648 630 1735 672 nisi-

312 690 473 741 feceris,
496 703 520 730 a
540 690 749 743 regalibus
771 690 1110 743 comprehensus,
1132 691 1332 731 mortales
1354 703 1510 744 poenas
1530 703 1625 730 sum
1643 690 1729 731 lue-

312 754 448 790 turus.
471 763 487 789 ›>
505 749 581 790 Cui
600 762 676 802 ego
696 749 782 789 aio:
805 762 820 788 «
842 749 885 790 Si
906 749 1006 801 quid
1026 749 1304 802 incongruum
1322 749 1479 790 rationi
1496 750 1653 790 effatus
1671 761 1730 800 ee,

314 821 451 849 sermo
469 813 569 849 tuus
588 809 632 848 in
650 813 780 861 caput
798 813 923 848 tuum
940 808 1040 858 erit3
1075 821 1175 848 nam
1194 821 1270 860 ego
1288 809 1423 849 altero
1439 813 1482 849 te
1499 819 1629 861 regno
1643 819 1732 849 non

243 874 291 907 10
314 867 501 918 mittam,
516 881 567 907 ne
581 872 802 920 suspectus
817 867 975 907 habear
989 880 1131 907 coram
1144 880 1252 920 rege.
1267 882 1284 909 ›>
1295 868 1396 908 Post
1407 867 1490 908 ista
1501 867 1732 910 Leudastes

315 926 461 967 extitit
482 931 704 967 accusator
724 926 826 977 eius,
848 926 1004 977 dicens,
1024 938 1235 966 sermones
1257 926 1498 967 iam-dictos
1517 939 1544 967 a
1567 925 1732 968 Riculfo

315 985 482 1028 audisse
497 986 769 1026 subdiacono.
800 986 858 1025 At
871 985 939 1025 ille
954 985 1107 1025 iterum
1122 986 1305 1036 vinctus,
1319 986 1510 1026 relaxato
1524 985 1732 1028 Leudaste

315 1045 533 1086 custodiae
558 1045 804 1098 deputatur,
830 1044 986 1095 dicens,
1016 1044 1238 1085 Galienum
1262 1045 1410 1085 eadem
1434 1044 1501 1085 die
1524 1049 1568 1086 et
1593 1044 1734 1086 Plato-

314 1117 412 1144 nem
429 1104 767 1144 archidiaconem
784 1103 911 1144 fuisse
929 1109 1184 1156 praesentes,
1201 1117 1298 1144 cum
1314 1104 1498 1146 haecest
1513 1103 1734 1158 episcopus

246 1168 295 1203 15
318 1164 523 1204 elocutus.
567 1163 648 1205 Sed
676 1163 865 1203 Riculfus
890 1162 1109 1215 presbiter,
1135 1163 1208 1215 qui
1230 1163 1316 1203 iam
1340 1162 1660 1216 promissionem
1683 1162 1735 1202 de

317 1222 565 1276 episcopatu
587 1235 613 1262 a
634 1222 845 1264 Leudaste
867 1222 1069 1272 habebat,
1091 1222 1135 1262 in
1156 1227 1330 1262 tantum
1352 1222 1488 1263 elatus
1509 1223 1665 1272 fuerat,
1686 1226 1736 1262 ut

318 1282 472 1334 magis1
496 1282 676 1322 Simonis
699 1281 895 1334 superbia
916 1286 1186 1333 aequaretur.
1232 1281 1314 1335 Qui
1333 1281 1461 1322 tertio
1481 1286 1558 1322 aut
1578 1293 1628 1321 eo
1649 1292 1738 1322 am-

318 1341 428 1394 plius
459 1341 563 1380 mihi
594 1345 908 1380 sacramentum
940 1353 1064 1393 super
1096 1340 1366 1393 sepulchrum
1396 1340 1534 1380 sancti
1564 1339 1738 1380 Martini

319 1400 509 1450 dederat,
524 1400 568 1440 in
584 1400 649 1439 die
666 1404 787 1440 sexta
802 1399 983 1452 paschae
998 1399 1042 1439 in
1057 1404 1230 1440 tantum
1245 1412 1311 1440 me
1326 1399 1527 1440 conviciis
1542 1403 1585 1440 et
1601 1398 1738 1452 sputis

250 1465 297 1499 20
320 1459 419 1512 egit,
450 1464 499 1499 ut
530 1459 603 1499 vix
634 1459 830 1502 manibus
859 1463 1131 1511 temperaret,
1162 1458 1275 1499 fidus
1306 1458 1465 1499 scilicet
1496 1457 1582 1500 doli
1613 1470 1739 1511 quem

321 1523 663 1572 praeparaverat.
704 1518 753 1558 In
773 1517 958 1558 crastina
979 1522 1124 1558 autem
1145 1517 1226 1568 die,
1247 1518 1289 1558 id
1311 1522 1374 1558 est
1395 1517 1566 1558 sabbati
1584 1517 1628 1558 in
1647 1517 1740 1570 ipsa

322 1578 493 1631 pascha,
527 1578 645 1618 venit
678 1577 909 1619 Leudastes
942 1577 986 1617 in
1018 1577 1121 1618 urbe
1153 1577 1376 1627 Turonica,
1410 1576 1739 1628 adsimilansque

322 1637 437 1677 aliud
469 1636 627 1688 negotii
658 1649 794 1688 agere,
826 1635 1118 1689 adprehensis2
1150 1635 1372 1676 Platonem
1403 1635 1741 1682 archidiaconem

322 1701 365 1736 et
387 1695 610 1737 Galienum
628 1695 671 1736 in
690 1695 829 1735 vincla
847 1695 1046 1745 conectit,
1064 1700 1370 1747 catenatosque
1388 1707 1436 1735 ac
1455 1699 1606 1735 exutos
1623 1698 1741 1734 veste

253 1762 301 1798 25
323 1755 442 1795 iubet
457 1768 526 1795 eos
542 1754 596 1794 ad
610 1755 799 1807 reginam
814 1754 979 1795 deduci.
1014 1753 1129 1794 Haec
1144 1767 1220 1806 ego
1235 1754 1424 1805 audiens,
1441 1753 1543 1794 dum
1557 1753 1601 1794 in
1615 1753 1742 1796 domo

329 1814 524 1855 ecclesiae
539 1814 786 1864 resederem,
802 1818 961 1853 mestus
975 1813 1259 1865 turbatusque
1273 1813 1482 1866 ingressus
1497 1812 1741 1853 oratorium.

327 1873 513 1914 Davitici
538 1873 735 1913 carminis
761 1884 882 1913 sumo
907 1872 1076 1923 librum,
1102 1877 1151 1913 ut
1178 1872 1335 1913 scilicet
1361 1877 1533 1925 apertus
1558 1871 1743 1924 aliquem

326 1932 625 1972 consolationis
656 1932 910 1972 versiculum
941 1931 1076 1971 daret.
1127 1932 1176 1971 In
1209 1944 1292 1983 quo
1322 1932 1384 1972 ita
1413 1935 1628 1984 repertum
1657 1935 1742 1970 est:

327 1992 505 2032 ‘Eduxit
523 2004 593 2031 eos
611 1991 653 2031 in
673 2004 759 2044 spe,
779 1996 821 2031 et
839 2003 924 2031 non
941 1991 1260 2042 timueruntzvet
1278 1990 1468 2031 inimicos
1485 2002 1630 2030 eorum
1648 2001 1745 2042 ope-

260 2056 309 2090 30
330 2051 415 2091 ruit
443 2054 587 2091 mare.'
635 2050 802 2091 Interea
828 2050 1002 2101 ingressi
1027 2049 1071 2089 in
1096 2049 1278 2090 fluvium
1306 2062 1430 2102 super
1456 2054 1644 2102 pontem,
1674 2048 1746 2100 qui

327 2110 493 2150 duabus
510 2109 708 2150 lintribus
725 2109 966 2162 tenebatur,
983 2109 1104 2148 navis
1121 2109 1207 2158 illa,
1227 2121 1334 2160 quae
1351 2108 1606 2149 Leudastem
1621 2107 1747 2147 vehe-

328 2169 418 2219 bat,
442 2169 704 2222 dimergitur,
728 2174 771 2208 et
792 2169 873 2208 nisi
894 2168 1073 2208 natandi
1095 2168 1243 2207 fuisset
1265 2167 1535 2207 amminiculo
1556 2166 1746 2215 libertus,

329 2241 426 2269 cum
448 2228 569 2268 sociis
591 2228 770 2268 forsitan
792 2227 1018 2268 interisset.
1060 2227 1189 2266 Navis
1211 2239 1312 2266 vero
1334 2226 1416 2266 alia
1439 2239 1545 2278 quae
1567 2226 1664 2267 huic
1685 2225 1747 2266 in-

329 2300 439 2327 nexa
460 2287 576 2337 erat,
590 2300 697 2339 quae
719 2292 763 2327 et
784 2287 950 2326 vinctos
972 2286 1169 2336 vehebat,
1192 2299 1316 2338 super
1337 2298 1469 2337 aquas
1493 2285 1570 2325 Dei
1591 2283 1747 2326 auxilio

260 2351 313 2386 35·
331 2347 536 2386 elevatur.
578 2346 714 2398 Igitur
737 2346 910 2386 deducti
932 2346 986 2385 ad
1009 2357 1148 2396 regem
1174 2345 1246 2397 qui
1269 2345 1402 2385 vincti
1424 2345 1610 2395 fuerunt,
1633 2343 1748 2384 incu-

331 2410 481 2445 santur
509 2406 732 2454 instanter,
762 2410 811 2445 ut
839 2404 1013 2458 capitali
1042 2404 1253 2444 sententia
1282 2404 1518 2444 finirentur.
1566 2403 1647 2444 Sed
1674 2415 1747 2443 rex

331 2465 582 2516 recogitans,
609 2464 827 2504 absolutos
854 2477 878 2504 a
905 2463 1074 2503 vinculo
1099 2463 1231 2503 libera
1256 2463 1451 2503 custodia
1475 2466 1662 2502 reservat
1687 2462 1749 2502 in-

331 2523 480 2563 laesos.
510 2555 519 2563 .
537 2555 545 2563 .
564 2555 572 2563 .
592 2555 599 2563 .
630 2524 763 2575 Igitur
782 2536 870 2573 rex,
891 2522 1102 2563 accersitis
1121 2522 1237 2574 regni
1257 2522 1321 2562 sui
1341 2522 1558 2575 episcopis,
1579 2533 1749 2561 causam

432 2653 446 2675 ²
474 2653 577 2699 magi
599 2666 707 2689 verm.
731 2654 886 2689 Bonnet.
912 2674 947 2677 —
974 2653 988 2674 ²
1007 2652 1270 2698 adprehensus
1289 2653 1381 2688 ders.
