1786 3016
848 254 1069 295 —62—

246 367 403 420 populo
417 368 472 410 ad
485 368 769 413 incendendos
783 371 911 412 libros
927 373 1152 414 satellitos¹
1166 375 1416 429 adfuissent,
1431 377 1664 421 acerbiora-

249 429 348 479 que²
374 427 570 481 deinceps
596 429 838 482 infligentes
864 431 1042 473 tributa.

329 497 379 547 V,
400 497 466 537 34.
501 497 635 550 Igitur
667 498 711 539 in
743 499 808 539 his
841 499 989 542 diebus
1022 502 1278 555 Chilpericus
1308 517 1382 545 rex
1413 505 1665 559 (graviter)

247 556 473 607 egrotavit.
533 557 625 610 Quo
659 559 994 612 convalescente,
1029 560 1142 602 filius
1176 562 1264 603 eius
1297 563 1449 616 iunior,
1482 563 1664 608 necdum

206 619 227 654 5
250 626 364 667 aqua
389 619 432 655 et
463 616 623 668 Spiritu
651 622 799 658 sancto
825 624 1013 670 renatuS‚
1040 626 1230 673 egrotare
1257 623 1409 676 coepit.
1460 624 1595 678 Quem
1620 625 1665 666 in

247 674 446 714 extremis
467 675 675 726 videnteS,
697 675 912 729 baptismo
933 678 1173 721 abluerunt.
1219 682 1311 734 Quo
1333 695 1559 737 parumper
1579 697 1665 725 me-

247 732 327 773 lius
352 734 671 786 convaliscens⁸,
698 736 830 776 frater
855 737 943 778 eius
969 739 1120 790 senior,
1147 740 1315 781 nomine
1342 741 1664 794 chlodobertus,

247 792 302 832 ab
319 792 399 832 hoc
416 793 565 833 morbo
582 794 826 848 corripitur;
844 795 1068 850 ipsumque
1086 798 1130 839 in
1147 798 1385 840 discrimine
1402 802 1551 842 mortis
1567 802 1665 843 Fre-

248 851 453 904 degundis
473 858 610 893 mater
630 867 816 905 cernens,
838 868 929 896 sero
950 857 1184 909 paenitens,
1206 858 1268 898 ait
1288 859 1342 902 ad
1362 873 1522 913 regem:
1544 873 1562 900 «
1581 861 1666 902 Diu

178 916 226 949 10
247 923 323 950 nos
345 911 453 951 male
474 918 646 964 agentes
669 913 803 966 pietas
826 914 971 955 divina
993 921 1220 967 sustentat,
1243 931 1344 958 nam
1365 932 1488 973 saepe
1509 932 1586 960 nos
1606 921 1666 961 fe-

247 969 392 1011 bribus
418 976 462 1011 et
488 972 580 1011 aliis
606 973 727 1012 malis
754 974 976 1027 corripuit3
1004 980 1047 1015 et
1073 977 1314 1018 emendatio
1339 977 1664 1020 nonsuccessit.

249 1029 356 1070 Ecce
374 1030 461 1070 iam
479 1030 694 1083 perdimus
713 1032 843 1073 filios!
880 1034 987 1074 Ecce
1005 1035 1091 1074 iam
1111 1048 1181 1075 eos
1199 1036 1395 1077 lacrimae
1415 1051 1664 1091 pauperum,

247 1088 435 1130 lamenta
452 1090 693 1141 viduarum,
713 1092 892 1144 suspiria
911 1095 1155 1134 orfanorum
1172 1095 1442 1138 interimunt!
1476 1110 1553 1152 nec
1571 1109 1666 1151 spes

247 1153 438 1189 remanet
455 1149 523 1189 cui
539 1150 700 1202 aliquid
717 1163 1033 1204 congregamus.
1052 1154 1416 1207 Thesaurizamus‚
1432 1155 1666 1198 nescientes

179 1212 225 1245 15
248 1207 316 1248 cui
344 1221 645 1261 congregamus
675 1223 736 1250 ea.
785 1211 891 1251 Ecce
920 1212 1109 1253 thesauri
1135 1219 1357 1255 remanent
1385 1227 1410 1255 a
1438 1215 1666 1269 possessori

249 1267 386 1318 vacui,
404 1268 562 1320 rapinis
581 1281 628 1308 ac
646 1269 1014 1312 maledictionibus
1033 1272 1165 1325 plenil
1199 1273 1418 1326 Numquid
1433 1286 1519 1315 non
1536 1287 1667 1316 exun-

249 1326 412 1367 dabant
431 1329 727 1380 prumptuaria
746 1329 879 1371 vino?
916 1331 1140 1383 Numquid·
1153 1344 1239 1372 non
1257 1332 1429 1373 horreae
1447 1333 1666 1387 repleban-

248 1390 319 1426 tur
347 1387 595 1427 frumento?
643 1388 860 1440 Numquid
892 1402 978 1430 non
1007 1395 1128 1430 erant
1158 1392 1347 1432 thesauri
1374 1393 1518 1433 referti
1547 1405 1664 1444 aur0‚

249 1450 437 1498 argento,
459 1446 670 1498 lapidibus
692 1448 925 1499 praetiosis,
947 1450 1172 1490 monilibus
1194 1450 1261 1491 vel
1280 1451 1452 1504 reliquis
1471 1451 1666 1505 imperia-

179 1510 226 1543 20
247 1504 358 1545 libus
384 1506 676 1546 ornamentis?
719 1507 824 1547 Ecce
854 1509 966 1561 quod
993 1509 1206 1561 pulchrius
1232 1509 1495 1551 habebamus
1520 1511 1667 1564 perde-

249 1565 363 1604 mus!
409 1565 543 1615 Nunc,
571 1565 606 1605 si
632 1565 785 1618 placet,
813 1567 991 1618 veniet⁴3
1018 1568 1293 1610 incendamus
1321 1582 1465 1610 omnes
1492 1570 1666 1612 discrib-

248 1624 384 1664 tiones
409 1624 590 1676 iniquas,
617 1625 888 1678 sufficiatque
914 1627 1017 1667 fisco
1041 1632 1200 1678 nostro,
1229 1628 1343 1681 quod
1369 1629 1530 1670 sufficit
1554 1629 1667 1682 patri

247 1683 417 1736 regique
444 1683 702 1725 Chlothario.
731 1698 748 1724 »
775 1685 890 1726 Haec
916 1687 1050 1726 effata
1075 1687 1232 1739 regina,
1260 1688 1411 1741 pugnis
1437 1688 1665 1728 verberans

249 1747 411 1795 pectus,
429 1742 551 1783 iussit
566 1742 694 1783 libros
711 1743 922 1796 exhibere,
942 1745 1014 1797 qui
1031 1745 1082 1786 de
1099 1746 1347 1788 civitatibus
1365 1747 1449 1788 suis
1467 1760 1540 1800 per
1556 1747 1666 1788 Mar-

179 1808 227 1843 25
249 1815 346 1842 cum
372 1807 591 1853 venerant,
618 1803 910 1856 proiectosque
936 1805 979 1844 in
1005 1805 1114 1858 igne,
1141 1805 1295 1846 iterum
1322 1806 1377 1847 ad
1402 1818 1542 1859 regem
1568 1818 1666 1847 con·

249 1874 390 1901 versa:
418 1861 528 1914 Quid
546 1867 609 1912 tu,
629 1862 792 1915 inquid,
811 1863 1021 1904 moraris?
1056 1865 1139 1904 Fac
1160 1865 1273 1917 quod
1292 1865 1411 1906 vides
1430 1871 1455 1905 a
1474 1878 1540 1905 me
1559 1865 1665 1916 fieri,

249 1926 313 1971 ut,
334 1926 377 1961 et
397 1921 432 1960 si
453 1920 594 1961 dulces
614 1927 738 1962 natos
759 1922 987 1975 perdimus,
1009 1922 1075 1963 vel
1097 1936 1277 1976 poenam
1297 1929 1547 1991 perpetuam
1567 1937 1665 1964 eva-

250 1980 413 2020 damus.
440 1993 457 2019 »
478 1980 595 2021 Tunc
618 1993 692 2020 rex
715 1987 980 2034 conpunctus
1004 1983 1143 2033 corde,
1166 1983 1345 2023 tradidit
1372 1992 1516 2024 omnes
1537 1983 1666 2024 libros

250 2039 572 2080 discribtionum
590 2040 696 2092 igni3
716 2041 1099 2094 conflagratosque,
1119 2042 1234 2082 misit
1255 2043 1327 2095 qui
1345 2043 1511 2083 futuras
1530 2042 1666 2096 perhi-

181 2105 228 2139 30
250 2098 417 2138 berent⁵
440 2098 748 2141 discribtiones.
791 2100 892 2140 Post
916 2101 1019 2141 haec
1043 2101 1280 2142 infantulus
1304 2101 1454 2152 iunior,
1479 2102 1581 2144 dum
1604 2102 1666 2142 ni-

251 2158 336 2197 mio
357 2158 500 2198 labore
522 2158 717 2209 tabescit,
740 2159 1025 2211 extinguetur.
1070 2161 1205 2213 Quem
1226 2173 1324 2201 cum
1345 2161 1532 2201 maximo
1553 2173 1667 2200 mae-

249 2230 340 2257 rore
358 2217 613 2260 deducentes
629 2231 653 2257 a
670 2218 770 2258 villa
789 2219 997 2260 Brinnaco
1015 2220 1211 2270 Parisius,
1227 2219 1281 2260 ad
1297 2219 1515 2261 basilicam
1530 2219 1667 2260 sancti

253 2276 415 2316 Dionisi
445 2277 973 2330 sepeliremandaverunt.
1021 2279 1352 2321 Chlodobertum
1381 2291 1481 2319 vero
1511 2291 1667 2332 conpo-

250 2340 399 2376 nentes
429 2336 472 2376 in
502 2338 670 2387 feretro,
705 2337 949 2378 Suessionas
980 2338 1033 2380 ad
1063 2338 1281 2378 basilicam
1309 2339 1446 2378 sancti
1475 2338 1666 2381 Medardi

182 2400 229 2435 35
252 2395 486 2446 duxerunt3
530 2396 866 2449 proicientesque
910 2410 1006 2438 eum
1048 2398 1102 2437 ad
1146 2402 1341 2438 sanctum
1383 2397 1664 2450 sepulchrum,

251 2459 463 2495 voverunt
488 2460 594 2495 vota
621 2468 697 2508 pro
725 2468 774 2495 eo
802 2456 855 2498 ad
885 2461 1081 2497 sanctum
1109 2457 1398 2509 sepulchrum3
1427 2457 1499 2499 sed
1527 2456 1666 2496 media

251 2519 374 2554 nocte
391 2514 565 2554 anhelus
581 2515 666 2554 iam
683 2520 724 2555 et
741 2515 879 2555 tenuis
897 2516 1093 2568 spiritum
1109 2515 1309 2556 exalavit.
1349 2516 1483 2569 Quem
1498 2516 1542 2556 in
1557 2515 1666 2556 basi-

350 2634 364 2655 1
401 2634 652 2669 satellites.
696 2655 733 2658 —
777 2633 791 2654 2
822 2634 1064 2669 acerbiora
1102 2644 1298 2680 quoque.
1346 2655 1383 2659 —
1435 2634 1450 2655 ³
1486 2632 1667 2669 melius

251 2688 429 2732 agente.
466 2708 502 2711 —
538 2687 551 2708 ⁴¹
582 2687 751 2723 venite.
785 2707 830 2711 —
859 2689 872 2709 ⁵
903 2686 1218 2732 prohiberent.
