1786 3016
0 2627 13 2827 «τυντνι-ινᾏξζῩ-υ
0 2574 10 2622 ’,νιν
0 2520 12 2566 ³¹:⁷⁴-
0 2494 19 2511 ᾖ
0 2342 11 2487 *ww-„52-
0 2226 13 2335 :suffer-v:-
0 2147 13 2218 „ug-xz«
0 2065 13 2135 rsa-‚v
0 2042 8 2049 v
10 2019 12 2022 ,
0 1980 13 2011 -Αυ
2 1954 5 1955 =
11 1944 14 1946 ,

15 407 18 410 -
36 387 51 437 ιζ
77 374 225 435 navit,
236 377 311 433 qui.
324 377 564 428 inventum,
583 377 832 419 obtulerunt
849 377 1019 418 homine
1037 390 1227 427 munera,
1246 378 1318 420 sed
1336 382 1506 431 respuet

34 435 42 479 *s
72 445 153 493 θεὴ
170 436 335 489 dicens.
361 449 380 478 «
406 435 485 478 Hic
509 436 597 478 tale
621 437 896 490 generacione
923 437 1060 479 decim
1086 437 1178 478 auri
1203 437 1331 478 libras
1356 438 1507 480 redimi

75 496 224 543 debet.
243 510 262 540 t
283 496 447 552 Quibus
463 496 756 547 redeuntibus,
776 497 861 537 Leo
881 491 1055 549 quidam
1075 509 1127 536 ex
1145 497 1328 549 coquina
1347 497 1508 538 domini

29 589 32 594 ι
55 566 58 572 ’
81 556 539 606 suiaitzeUtinamme
555 556 828 610 permitteris,
840 561 883 596 et
899 556 1093 597 forsitam
1108 568 1185 608 ego
1201 562 1393 609 poteram
1408 569 1506 597 eum
1557 561 1577 596 5

1 667 3 670 Α
78 606 279 662 reducere
307 628 362 658 ex
390 615 660 670 captivitate.
692 629 710 656 »
741 615 899 657 Gaviso
929 620 1075 656 autem
1105 615 1292 667 domino,
1323 615 1508 658 directus

2 698 8 716 ι
72 676 202 727 ven'rt
223 675 279 719 ad
299 676 442 718 locum
464 675 686 729 voluitque
709 688 888 728 puerum
911 675 1021 715 clam
1043 675 1304 726 abstrahere,
1328 675 1402 717 sed
1423 688 1509 716 non

28 735 39 781 ,’
81 741 249 793 potuet.
282 736 403 778 Tunc
418 735 609 776 locatum
627 748 770 776 secum
787 735 1003 775 hominem
1023 734 1250 788 quendam,
1270 735 1351 776 ait:
1371 734 1511 776 «Veni

81 809 252 839 mecum
269 801 314 838 et
332 795 534 836 venunda
552 808 619 837 me
638 795 680 835 in
702 794 832 837 domu
853 794 1024 835 barbari
1043 794 1168 846 illius,
1190 795 1329 847 sitque
1349 794 1430 835 tibi
1448 795 1510 835 lu-

678 197 908 239 „49-

123 295 275 380 unique
290 317 444 361 beatus
464 317 690 371 Gregorius
708 317 763 362 ad
780 317 1083 371 inquirendum
1101 330 1198 358 eum
1217 331 1368 371 pueros
1386 318 1506 359 disti-

83 857 204 900 crum
226 854 508 911 pra<e>cium
531 867 689 906 meum,
703 859 877 895 tantum
893 854 1131 895 liberiorem
1145 854 1311 896 aditum
1326 854 1509 894 habeam
1532 860 1581 893 10

83 916 268 959 faciendi
289 914 334 958 id
358 915 472 969 quod
495 914 668 958 decrivi.
692 927 710 954 ὴ
729 914 934 968 Accepita
957 927 1057 954 vero
1079 918 1361 965 sacramenta,
1384 914 1512 954 homo

83 977 153 1018 ille
179 975 332 1026 habiit,
358 979 402 1016 et
429 975 654 1015 venditum
682 974 907 1016 duodecim
934 973 1086 1025 aureis,
1114 974 1320 1015 discessit.
1366 973 1513 1014 Scisci-

83 1041 205 1078 tatus
218 1039 365 1078 autem
377 1039 547 1088 emptor
560 1034 656 1075 rudi
669 1034 845 1084 famulo,
863 1033 965 1086 quid
980 1046 1103 1086 opere
1119 1033 1258 1083 sciret,
1271 1033 1512 1086 respondit:

86 1108 104 1137 α
121 1096 172 1138 In
188 1094 400 1146 omnibus,
420 1107 528 1148 quae
545 1093 803 1135 manducare
821 1093 979 1137 debent
996 1094 1039 1134 in
1055 1094 1211 1134 mensis
1228 1093 1513 1143 dominorum,

85 1155 212 1201 valde
234 1154 367 1196 scitus
390 1167 486 1195 sum
508 1166 696 1207 operare,
720 1166 798 1194 nec
821 1158 982 1203 metuo,
1008 1153 1122 1206 quod
1145 1152 1356 1206 repperire
1381 1151 1515 1206 possit
1537 1156 1585 1192 15

86 1214 235 1257 similis
249 1213 334 1256 mei
348 1214 393 1255 in
407 1214 488 1255 hac
503 1213 694 1255 scientia.
727 1214 886 1255 Verum
902 1213 1014 1255 enim
1031 1212 1125 1254 dico
1141 1212 1235 1263 tibi,
1255 1212 1368 1266 quia,
1384 1212 1515 1253 etiam

86 1275 124 1317 si
137 1274 226 1329 regi
239 1274 367 1329 epulo
381 1274 528 1328 cupias
542 1286 810 1327 praeparare,
826 1274 842 1313 f
845 1273 985 1314 ercula
999 1272 1155 1326 regalia
1170 1284 1406 1326 conponere
1423 1284 1517 1325 pos-

87 1347 184 1377 sum
205 1346 298 1386 nec,
322 1334 548 1388 quisquam
570 1346 596 1374 a
617 1346 684 1373 me
706 1333 870 1374 melius.
894 1346 911 1373 »
931 1333 990 1373 At
1010 1332 1099 1373 ille:
1124 1345 1140 1372 «
1163 1333 1270 1372 Ecce
1292 1332 1406 1372 enim
1428 1331 1517 1371 dies

89 1394 190 1438 solis
208 1393 333 1437 adest
356 1417 413 1423 —-
433 1393 492 1434 sic
516 1393 629 1436 enim
654 1392 870 1433 barbaries
895 1393 1083 1433 vocitare
1109 1392 1221 1434 diem
1246 1391 1516 1434 dominecum

87 1458 294 1497 consueta
314 1458 380 1495 est
395 1477 463 1505 —,
479 1453 523 1494 in
540 1453 619 1494 hac
637 1453 730 1495 diae
748 1452 876 1493 vicini
893 1465 941 1493 ac
959 1457 1156 1505 parentes
1172 1451 1256 1491 mei
1271 1451 1518 1492 invitabun-
1540 1456 1588 1489 20

70 1518 162 1562 ,tur
179 1514 225 1556 iu
249 1513 380 1557 domu
399 1525 509 1554 mea.
550 1514 682 1566 Rogo,
702 1517 752 1554 ut
772 1512 903 1552 facias
923 1510 1289 1566 mihiprandium,
1312 1510 1426 1564 quod
1446 1510 1519 1551 ad-

90 1572 314 1625 mirentur,
337 1578 382 1614 et
405 1573 566 1624 dicant,
593 1573 693 1626 quia
717 1572 760 1612 in
785 1572 915 1614 domu
939 1572 1047 1624 regis
1071 1571 1220 1612 melius
1243 1584 1329 1611 non
1354 1569 1520 1624 aspexi-

90 1647 201 1676 mus.
226 1646 245 1675 »
268 1633 326 1674 Et
359 1633 448 1674 ille:
476 1645 493 1673 «
519 1632 671 1674 lubeat
706 1632 903 1675 dominus
937 1645 1070 1682 meus,
1106 1631 1270 1684 inquid,
1306 1631 1518 1684 pullorum

90 1693 411 1748 gallinaciorum
421 1692 758 1743 multitudinem,
770 1697 813 1732 et
824 1691 979 1732 faciam
996 1704 1102 1744 quae
1118 1690 1347 1744 praecepis.
1366 1704 1384 1730 »
1398 1689 1521 1730 Prae-

91 1753 255 1809 paratis
265 1765 364 1807 ergo
376 1764 485 1807 quae
496 1751 665 1793 dixerat
678 1765 795 1805 puer,
807 1751 963 1792 inluxit
981 1750 1202 1792 domineca
1220 1750 1323 1800 dies,
1335 1750 1521 1802 fecitque
1543 1753 1592 1789 25

92 1812 295 1868 aepulum
313 1825 517 1866 magnum
539 1811 774 1865 diliciisque
793 1812 1012 1852 refertum.
1044 1810 1357 1864 Aepulantibus
1377 1814 1522 1850 autem

52 1914 54 1916 ,
93 1872 292 1915 omnibus
303 1877 347 1913 et
356 1871 634 1913 laudantibus
646 1871 888 1925 prandium,
900 1875 1098 1924 parentes
1108 1870 1219 1911 illius
1231 1870 1529 1910 discesserunt.

95 1933 304 1975 Dominus
321 1932 434 1973 enim
450 1931 569 1974 dedit
584 1931 723 1984 gratia
740 1931 838 1972 huic
856 1943 1000 1984 puero,
1019 1935 1062 1971 et
1079 1930 1244 1983 accepit
1260 1934 1524 1983 potestatem

93 2005 225 2047 ,super
246 1991 390 2034 omnia
407 2003 516 2045 quae
534 1990 724 2032 habebat
744 1991 941 2033 dominus
960 2003 1062 2031 suus
1081 1990 1124 2030 in
1138 1994 1359 2043 prumptu,
1379 1988 1524 2041 dilige·

88 2052 258 2107 *batque
276 2065 375 2094 eum
394 2052 534 2102 valde,
553 2056 596 2092 et
616 2051 812 2092 omnibus
834 2051 906 2103 qui
924 2063 1021 2091 cum
1041 2062 1089 2090 eo
1108 2054 1230 2090 erant
1247 2049 1336 2102 ipse
1357 2048 1525 2102 dispen-
1548 2053 1595 2088 30

95 2112 223 2154 sabat
242 2111 417 2165 cybaria
436 2116 480 2152 et
497 2110 736 2165 pulmenta.
776 2111 878 2151 Post
899 2110 1000 2150 anni
1020 2122 1120 2150 vero
1141 2108 1407 2159 curricolum,
1428 2120 1526 2148 cum

95 2171 184 2213 iam
205 2184 376 2213 securus
400 2176 511 2212 esset
534 2171 731 2213 dominus
753 2170 863 2211 illius
887 2170 938 2212 de
962 2182 1025 2220 eo,
1049 2169 1155 2210 abiit
1177 2169 1221 2209 in
1243 2173 1430 2221 pratum,
1455 2166 1527 2220 qui

97 2236 190 2273 erat
214 2231 331 2276 domi
367 2231 600 2285 proximus,
628 2244 726 2272 cum
750 2230 900 2270 Attalo
937 2241 1081 2283 puero,
1100 2228 1275 2273 vcustodi
1299 2239 1527 2281 equorum;

97 2295 142 2333 et
165 2290 381 2334 decubans
404 2291 448 2331 in
470 2296 586 2332 terra
609 2303 707 2331 cum
731 2302 780 2330 eo
804 2303 829 2330 a
851 2290 989 2342 longe,
1013 2289 1171 2330 aversis
1196 2288 1344 2338 dorsis,
1369 2292 1418 2328 ut
1441 2299 1528 2327 non

97 2355 455 2405 cognuscerentur
484 2350 624 2401 simul,
653 2350 759 2391 dicit
788 2362 939 2403 puero:
970 2362 987 2389 «
1014 2349 1199 2402 Tempus
1229 2352 1294 2388 est
1322 2348 1449 2397 enim,
1478 2351 1528 2387 ut
1551 2351 1598 2386 35

98 2411 186 2452 iam
205 2411 383 2464 cogitari
404 2410 455 2453 de
476 2410 617 2464 patria
638 2409 882 2450 debeamus.
922 2409 1108 2462 Ideoque
1129 2420 1281 2448 moneo
1300 2412 1358 2458 te,
1380 2411 1429 2448 ut
1450 2407 1528 2447 hac

98 2475 240 2522 nocte,
261 2483 360 2512 cum
381 2483 513 2524 equos
534 2470 590 2512 ad
610 2470 896 2510 claudendum
919 2468 1161 2518 adduxeris,
1183 2480 1331 2521 sopore
1353 2479 1438 2507 non
1460 2466 1530 2509 de-

99 2530 311 2584 primaris,
327 2530 416 2580 sed,
432 2543 530 2571 cum
546 2530 683 2583 primo
699 2535 741 2570 te
758 2529 1019 2579 vocitavero,
1036 2528 1149 2571 adsis
1165 2533 1209 2568 et
1224 2527 1532 2568 ambulemus.»

101 2589 343 2632 Vocaverat
369 2590 482 2631 enim
508 2589 716 2630 barbarus
742 2589 809 2629 ille
838 2589 995 2629 multos
1023 2592 1250 2641 parentum
1277 2599 1449 2627 suorum
1476 2585 1530 2626 ad

101 2649 318 2705 aepulum,
340 2650 452 2691 inter
477 2662 582 2702 quos
604 2655 696 2690 erat
720 2654 763 2689 et
785 2662 911 2701 gener
934 2648 1036 2699 eius,
1062 2648 1135 2700 qui
1157 2651 1377 2700 acceperat
1400 2645 1534 2686 filiam
1555 2650 1601 2683 40

175 2740 345 2776 Smmlung
362 2741 515 2776 vulgarlat.
530 2742 629 2771 Texta,
650 2743 675 2769 6.
1375 2739 1390 2765 4
