1786 3016
890 242 1105 284 -38-

285 358 558 403 contraham
575 358 807 410 mulierem,
823 358 1092 403 Theodatum
1108 373 1248 414 regem
1263 362 1437 403 Tusciae
1453 363 1700 417 invitantes,

286 430 411 470 super
429 430 472 458 se
490 430 631 470 regem
650 423 862 459 statuunt.
900 419 979 460 Hic
998 433 1099 461 vero
1118 433 1215 461 cum
1233 421 1469 473 dedicisset,
1491 434 1598 476 quae
1615 434 1701 464 me-

284 476 415 517 retrix
438 477 522 518 ista
545 478 812 528 conmiserat,
838 478 1019 531 qualiter
1043 484 1215 533 propter
1238 493 1421 532 servum,
1446 493 1572 535 quem
1594 481 1702 525 acci-

286 541 421 588 perat,
443 536 487 577 in
507 541 689 577 matrem
709 538 900 578 extiterit
922 538 1144 590 parricida,
1165 552 1412 580 succensum
1431 541 1709 583 vehementer.

244 599 265 634 5
288 594 501 646 balneum,
523 596 567 636 in
588 596 736 639 eodem
758 609 855 637 cum
876 609 962 637 una
983 597 1123 650 puella
1143 598 1301 641 includi
1322 599 1540 653 praecipit.
1585 600 1702 654 Quae

284 666 361 695 nec
385 667 504 695 mora
529 655 639 695 inter
664 656 818 697 arduos
843 669 1020 708 vapores
1046 657 1246 709 ingressa,
1271 658 1316 698 in
1334 659 1580 711 pavimento
1604 671 1702 700 con-

284 726 423 764 ruens,
444 719 615 754 mortua
634 720 764 767 atque
784 720 1038 768 consumpta
1058 721 1135 757 est.
1181 717 1304 770 Quod
1323 723 1624 770 cognuscentes
1643 717 1703 759 hii

283 785 400 825 reges
417 772 709 815 Childebertus
726 779 768 814 et
786 774 1149 825 Chlothacharius,
1166 775 1406 816 consobrini
1421 777 1523 828 eius,
1538 789 1703 818 necnon

285 836 328 872 et
354 830 693 883 Theudobertus‚
725 833 837 885 quod
866 834 1024 874 scilicet
1050 839 1142 875 tam
1167 835 1285 888 turpi
1311 836 1452 877 fuerat
1478 836 1703 892 interfecta

214 896 262 929 10
285 891 504 944 supplicio,
527 891 581 934 ad
600 889 879 934 Theodadum
899 893 1155 945 legationem
1176 894 1377 946 dirigunt,
1398 895 1703 948 exprobrantes

284 948 335 991 de
354 956 489 991 morte
508 951 596 991 eius
616 956 745 1004 atque
766 952 973 993 dicentes:
995 965 1011 991 «
1032 952 1074 993 Si
1093 953 1196 993 haec
1217 966 1324 1006 quae
1343 954 1465 1006 egisti
1481 954 1703 996 nobiscum

283 1021 370 1050 non
389 1011 673 1062 conposueris‚
694 1023 869 1062 regnum
889 1016 1015 1051 tuum
1036 1012 1265 1052 auferimus
1286 1017 1329 1054 et
1349 1013 1482 1053 simile
1502 1018 1546 1054 te
1566 1016 1715 1067 poena*

284 1068 596 1109 damnabimus.
614 1083 630 1109 ›>
641 1067 760 1109 Tunc
775 1070 842 1109 ille
857 1070 1026 1120 timens,
1044 1071 1341 1124 quinquagena
1355 1072 1412 1112 eis
1427 1072 1544 1117 milia
1558 1085 1703 1114 aureo-

283 1140 378 1167 rum
398 1129 649 1169 transmisit.
689 1128 981 1171 Childebertus
1004 1135 1164 1180 autem,
1187 1135 1236 1171 ut
1258 1135 1349 1172 erat
1371 1144 1535 1184 semper
1554 1136 1704 1173 contra

214 1191 261 1226 15
284 1186 658 1228 Chlothacharium
675 1200 816 1240 regem
833 1188 1002 1230 invidus
1021 1194 1150 1242 atque
1168 1195 1379 1241 versutus,
1398 1203 1496 1231 cum
1512 1191 1704 1234 Theodo-

283 1245 418 1296 berto,
442 1252 595 1299 nepote
620 1260 710 1297 suo,
733 1247 1003 1298 coniunctis1,
1028 1248 1213 1290 divisum
1236 1249 1347 1290 inter
1369 1262 1411 1290 se
1434 1250 1514 1290 hoc
1536 1262 1703 1301 aurum,

284 1305 388 1345 nihil
407 1306 556 1349 exinde
576 1306 675 1348 dare
693 1307 780 1359 regi
798 1307 1124 1348 Chlothachario
1142 1308 1384 1349 voluerunt.
1418 1309 1477 1350 At
1493 1308 1561 1349 ille
1578 1322 1704 1362 super

284 1364 505 1405 thesauros
555 1365 841 1409 Chlodomeris
878 1365 1113 1418 adgressus,
1150 1367 1335 1411 multum
1379 1367 1460 1408 illis
1506 1368 1703 1422 amplius,

287 1436 416 1476 quam
434 1423 494 1464 hii
512 1424 878 1475 infraudaverant,
900 1426 1093 1466 abstulit.

213 1547 261 1581 20
509 1542 554 1593 h)
587 1542 833 1584 Hochzeit
865 1544 937 1594 (H.
957 1545 1006 1584 F.
1036 1544 1108 1594 VJ,
1129 1544 1192 1584 34.
1213 1544 1276 1585 45.
1302 1544 1403 1596 νη,
1426 1545 1482 1596 9).

340 1625 440 1675 *V1‚
462 1624 527 1666 34.
559 1626 707 1677 Legati
730 1627 884 1667 iterum
909 1627 962 1666 ab
990 1626 1196 1679 Hispania
1220 1632 1442 1679 venerunt,
1468 1627 1704 1670 deferentes

283 1697 459 1725 munera
473 1689 516 1725 et
532 1685 737 1737 placitum
752 1686 1005 1739 accipientes
1021 1699 1118 1726 cum
1134 1686 1367 1739 Chilperico
1380 1699 1490 1739 rege,
1506 1691 1556 1727 ut
1569 1686 1704 1727 filiam

280 1755 402 1783 suam
425 1744 657 1786 secundum
680 1745 1007 1785 convenentiam
1031 1746 1286 1786 anteriorem
1308 1745 1398 1786 filio
1421 1746 1528 1798 regis
1552 1746 1704 1787 Leuvi-

283 1802 412 1845 childi
432 1803 599 1846 tradere
621 1803 794 1860 deberet
816 1804 860 1844 in
882 1804 1167 1845 matrimonio.
1207 1805 1399 1858 Denique
1421 1805 1524 1848 dato
1546 1805 1704 1858 placito

214 1866 262 1901 25
284 1866 327 1902 et
348 1863 489 1902 omnia
509 1866 785 1915 pertractata,
805 1863 970 1916 legatus
990 1863 1057 1903 ille
1078 1877 1269 1904 reversus
1289 1869 1366 1904 est.

366 1921 441 1972 VI,
463 1923 528 1962 45.
563 1923 738 1962 Interim
775 1923 1101 1965 advenientibus
1139 1923 1330 1965 kalendis
1370 1923 1703 1976 Septembribus,

289 1980 525 2022 Ghotorum
539 1994 694 2034 magna
708 1981 863 2033 legatio
878 1982 932 2023 ad
947 1994 1088 2034 regem
1103 1982 1384 2036 Chilpericum
1399 1982 1576 2025 accedit.
1609 1982 1703 2035 Ipse
1724 2031 1727 2034 ¹

285 2053 398 2091 vem,
418 2041 503 2080 iam
521 2053 732 2092 regressus
753 2041 950 2091 Parisius‚
971 2041 1152 2081 familias
1172 2041 1329 2082 multas
1349 2042 1400 2084 de
1419 2041 1615 2083 domibus
1633 2041 1704 2081 fis-

285 2098 444 2140 calibus
463 2101 626 2140 auferre
645 2101 850 2152 praecipit
868 2105 910 2140 et
928 2100 971 2140 in
990 2100 1189 2153 plaustris
1207 2100 1408 2153 conponi3
1427 2101 1583 2141 multos
1603 2113 1705 2154 quo-

215 2163 262 2197 30
287 2171 366 2211 que
383 2159 535 2199 flentes
553 2164 595 2199 et
611 2159 802 2199 nolentes
820 2159 949 2209 abire,
968 2159 1011 2199 in
1028 2159 1222 2202 custodia
1237 2159 1399 2202 retrudi
1415 2159 1551 2210 iussit,
1569 2164 1619 2200 ut
1634 2171 1704 2199 eos

284 2231 382 2257 cum
396 2218 486 2258 filia
501 2219 664 2258 facilius
679 2218 970 2258 transmittere
989 2219 1135 2270 possit.
1171 2219 1280 2258 Nam
1295 2219 1442 2259 ferunt
1453 2219 1610 2259 multos
1625 2218 1706 2259 sibi

287 2276 340 2317 ob
360 2277 469 2317 hanc
481 2277 810 2319 amaritudinem
820 2278 956 2317 vitam
967 2278 1118 2329 laqueo
1130 2277 1367 2327 extorsisse,
1379 2277 1482 2320 dum
1492 2277 1543 2320 de
1555 2290 1705 2330 paren-

285 2335 401 2376 tibus
425 2337 602 2389 propriis
626 2337 788 2377 auferre
812 2336 1076 2376 metuebant.
1122 2336 1407 2389 Separabatur
1429 2341 1575 2376 autem
1592 2336 1704 2377 filius

286 2408 311 2434 a
326 2400 461 2447 patre,
477 2401 613 2436 mater
636 2396 777 2445 afilia,
793 2401 835 2436 et
850 2409 946 2435 cum
960 2396 1079 2447 gravi
1092 2396 1254 2447 gemitu
1268 2408 1316 2435 ac
1337 2395 1704 2437 maledictionibus

215 2459 264 2494 35
289 2453 584 2505 discedebant;
599 2460 832 2506 tantusque
848 2455 1043 2507 planctus
1057 2454 1366 2495 urbiParisiaca
1380 2459 1485 2505 erat,
1500 2459 1549 2495 ut
1563 2455 1704 2507 planc-

287 2517 337 2553 tu
351 2519 655 2566 conpararetur
669 2514 894 2566 Aegyptio.
927 2514 1051 2554 Multi
1065 2526 1164 2552 vero
1178 2514 1374 2553 maiores2
1387 2518 1507 2564 natu,
1524 2514 1595 2566 qui
1607 2526 1705 2554 con-

290 2572 556 2624 pellebantur
576 2574 705 2622 abire,
725 2578 986 2613 testamenta
1006 2573 1299 2623 condiderunt,
1319 2586 1467 2625 resque
1487 2585 1583 2613 suas
1602 2573 1705 2612 ecle-

399 2679 412 2700 1
436 2679 729 2714 coniunctos.
765 2699 801 2703 —-
836 2678 852 2699 ²
880 2678 1104 2714 meliores.
