1786 3016
892 242 1079 282 -4-

282 365 324 401 et
351 359 439 407 vidi
463 359 582 409 haec,
609 363 829 412 spectante
855 359 983 399 matri
1008 371 1140 410 meae,
1168 367 1275 412 quae
1299 359 1361 400 ait
1385 359 1509 401 mihi:
1535 358 1693 415 ‘Quare

281 431 426 471 segnes
449 431 491 458 es
516 418 571 458 ad
595 418 698 458 haec
723 418 943 461 scribenda
969 430 1076 471 quae
1101 418 1302 471 prospicis
1317 419 1349 460 ’θ’
1390 419 1447 460 Et
1470 419 1558 460 aio:
1582 417 1694 462 ‘Non

280 478 361 519 tibi
387 477 509 527 latet,
541 477 654 530 quod
683 477 761 517 sim
789 477 911 530 inops
940 477 1093 517 litteris
1122 482 1164 517 et
1193 483 1284 518 tam
1313 477 1584 523 admirandas
1610 477 1694 519 vir-

281 542 396 578 tutes
426 536 584 577 stultus
613 541 655 577 et
684 536 818 578 idiota
847 549 932 576 non
963 531 1472 589 audeam'promulgare?
1517 537 1695 579 Utinam

233 602 254 651 5
283 596 461 637 Severus
478 600 554 636 aut
573 595 773 636 Paulinus
791 595 997 646 viverent,
1015 600 1091 636 aut
1107 600 1218 635 certe
1237 596 1497 637 Fortunatus
1513 595 1694 648 adesset,

283 655 354 708 qui
373 655 456 695 ista
477 654 769 696 discriberent!
809 654 917 694 Nam
937 667 1013 707 ego
1034 655 1088 694 ad
1108 655 1211 695 haec
1231 654 1341 694 iners
1360 659 1508 696 notam
1527 655 1694 697 incurro

281 715 316 754 si
336 714 440 754 haec
462 713 666 758 adnotare
687 718 984 766 temptavero!
1025 714 1080 754 Et
1103 714 1163 754 ait
1185 714 1308 754 mihi:
1332 714 1404 754 ‘Et
1425 714 1572 766 nescis,
1595 715 1694 769 quia

281 772 501 813 nobiscum
540 778 711 825 propter
748 772 1071 824 intelligentiam
1109 773 1363 825 populorum
1400 773 1548 826 magis,
1585 774 1694 815 sicut

281 837 331 872 tu
351 832 470 885 loqui
491 836 642 884 potens
665 844 721 881 es,
744 831 926 872 habetur
947 832 1242 884 praeclarum?
1281 832 1431 885 Itaque
1452 845 1505 873 ne
1526 831 1695 877 dubites

211 898 259 931 10
281 895 324 931 et
338 891 441 931 haec
456 903 576 943 agere
591 904 675 931 non
691 890 882 941 desistas,
896 891 993 944 quia
1005 891 1160 931 crimen
1173 890 1254 931 tibi
1268 890 1360 941 erit,
1373 891 1407 931 si
1421 903 1470 932 ea
1482 891 1694 932 tacueris'.

283 951 373 1002 Ego
393 955 537 990 autem
558 950 661 990 haec
682 962 802 1002 agere
823 950 1009 1002 cupiens,
1041 950 1218 1003 duplicis
1246 950 1377 990 taedii
1405 950 1695 1003 adfligorcru-

281 1009 411 1060 ciam,
433 1009 632 1049 maeroris
653 1009 811 1062 pariter
831 1014 874 1049 et
895 1009 1078 1049 terroris.
1115 1009 1329 1059 Maeroris,
1350 1022 1424 1050 cur
1443 1014 1592 1050 tantae
1612 1009 1696 1050 vir-

281 1073 412 1119 tutes,
435 1081 541 1121 quae
564 1068 642 1108 sub
663 1068 998 1108 antecessoribus
1019 1068 1173 1108 nostris
1194 1069 1332 1108 factae
1354 1073 1468 1119 sunt,
1489 1081 1574 1109 non
1595 1074 1695 1110 sunt

282 1127 484 1180 scriptae3
529 1127 712 1177 terroris,
742 1132 791 1168 ut
820 1127 1041 1180 adgrediar
1070 1139 1174 1180 opus
1203 1127 1414 1180 egregium
1441 1127 1694 1171 rusticanus.

212 1191 260 1226 15
286 1185 367 1228 Sed
398 1199 470 1239 spe
489 1186 656 1227 divinae
688 1186 859 1239 pietatis
889 1186 1080 1236 inlectus,
1099 1186 1319 1239 adgrediar
1350 1199 1455 1239 quos
1483 1191 1694 1228 monetur.

284 1246 431 1286 Potest
449 1245 574 1295 enim,
594 1250 643 1286 ut
662 1245 800 1296 credo,
821 1258 894 1298 per
912 1258 1029 1286 meae
1047 1246 1214 1298 linguae
1233 1245 1316 1286 ista
1334 1246 1531 1298 proferre,
1553 1246 1625 1299 qui
1642 1258 1695 1286 ex

281 1304 400 1347 arida
426 1309 521 1344 cute
548 1304 590 1344 in
617 1305 785 1345 heremo
811 1305 1045 1356 producens
1071 1317 1219 1357 aquaS‚
1246 1305 1392 1357 populi
1417 1304 1598 1346 sitientis
1623 1317 1695 1346 ex-

281 1363 412 1404 tinxit
440 1363 654 1414 ardorem;
682 1369 759 1404 aut
785 1369 897 1404 certe
926 1363 1155 1414 constabit,
1184 1376 1280 1405 eum
1307 1377 1451 1404 rursus
1480 1376 1526 1404 os
1553 1364 1695 1405 asinae

281 1435 477 1473 reserare,
495 1422 529 1462 si
544 1422 657 1462 labia
673 1435 767 1462 mea
783 1423 973 1475 aperiens
991 1436 1064 1476 per
1080 1435 1145 1463 me
1162 1423 1383 1465 indoctum
1399 1422 1483 1463 ista
1499 1423 1696 1476 dignetur

212 1487 260 1521 20
282 1481 534 1535 expandere.
568 1482 648 1523 Sed
665 1482 766 1534 quid
779 1482 910 1522 timeo
924 1482 1208 1522 rusticitatem
1222 1494 1374 1532 meam,
1389 1494 1486 1522 cum
1500 1481 1695 1524 dominus

287 1541 544 1593 Redemptor
560 1546 602 1580 et
620 1541 721 1582 deus
738 1546 880 1581 noster
896 1541 951 1583 ad
967 1541 1258 1582 distruendam
1274 1540 1515 1581 mundanae
1531 1541 1696 1594 sapien-

282 1600 367 1640 tiae
386 1600 623 1640 vanitatem
639 1612 725 1645 non
743 1605 928 1640 oratores
954 1600 1026 1642 sed
1053 1600 1296 1653 piscatores,
1322 1613 1398 1640 nec
1424 1600 1695 1654 philosophos

283 1659 355 1701 sed
383 1659 562 1699 rusticos
591 1659 849 1712 praeelegit?
893 1659 1155 1701 Confidimus
1184 1672 1281 1711 ergo
1311 1659 1531 1699 orantibus
1559 1659 1708 1709 vobis„

284 1718 397 1771 quia,
418 1718 497 1758 etsi
526 1731 611 1758 non
641 1723 782 1771 potest
803 1718 1001 1771 paginam
1022 1731 1158 1758 sermo
1178 1718 1363 1758 incultus
1383 1730 1546 1769 ornare,
1566 1718 1694 1759 faciet

213 1782 260 1817 25
283 1789 378 1817 eam
407 1777 611 1830 gloriosus
641 1778 811 1817 antistis
842 1777 1064 1830 praeclaris
1095 1777 1327 1818 virtutibus
1357 1777 1530 1818 elucere.

559 1930 604 1982 b)
636 1931 853 1972 Vorrede
885 1944 968 1971 zur
998 1931 1115 1972 Vita
1145 1931 1364 1973 Patrum.

367 2020 610 2061 Statueram
638 2019 808 2072 quidem
834 2019 904 2059 illa
929 2024 1100 2059 tantum
1127 2019 1319 2069 scribere,
1347 2031 1453 2071 quae
1478 2018 1533 2060 ad
1558 2019 1694 2072 sepul-

283 2079 384 2119 chra
423 2079 763 2119 beatissimorum
803 2084 1041 2130 martyrum
1081 2079 1449 2130 confessorumque
1490 2077 1694 2119 divinitus

282 2143 401 2190 gesta
419 2143 533 2188 sunt,
546 2138 631 2188 sed,
647 2138 846 2190 quoniam
867 2137 1074 2190 quaedam
1093 2137 1143 2179 de
1162 2137 1225 2177 his
1243 2150 1377 2190 nuper
1393 2137 1570 2190 repperi,
1591 2149 1694 2190 quos

213 2203 261 2237 30
285 2197 434 2237 beatae
466 2196 796 2237 conversationis
828 2197 1025 2237 meritum
1057 2197 1199 2236 evexit
1221 2196 1275 2238 ad
1297 2196 1472 2249 caelum,
1498 2208 1694 2249 quorum-
1749 2203 1755 2210 '

285 2269 365 2309 que
397 2256 511 2296 vitae
543 2256 760 2296 tramitem
793 2255 916 2295 certis
947 2255 1222 2295 relationibus
1254 2255 1470 2307 cognitum
1502 2255 1694 2297 eclesiam

283 2315 505 2355 aedificare
528 2315 692 2368 putavi,
715 2315 849 2356 dicere
872 2314 1014 2366 aliqua
1035 2327 1086 2354 ex
1107 2314 1187 2354 illis
1209 2314 1498 2366 oportunitate
1520 2318 1694 2366 cogente

283 2387 369 2414 non
397 2374 562 2424 differo,
593 2374 691 2426 quia
718 2378 961 2413 sanctorum
989 2373 1080 2412 vita
1107 2386 1191 2413 non
1218 2373 1345 2414 modo
1372 2385 1517 2413 eorum
1545 2373 1694 2426 pandit

284 2433 562 2486 propositum,
584 2445 732 2473 verum
754 2432 883 2472 etiam
905 2432 1147 2474 auditorum
1169 2431 1331 2473 animos
1353 2431 1504 2472 incitat
1525 2432 1579 2475 ad
1601 2444 1694 2485 pro-

214 2497 261 2532 35
284 2493 457 2532 fectum.
494 2493 550 2532 Et
571 2492 786 2544 quaeritur
804 2505 854 2531 ex
876 2491 1142 2544 quibusdam,
1170 2495 1315 2531 utrum
1342 2491 1433 2531 vita
1451 2491 1694 2531 sanctorum

284 2563 338 2591 an
366 2551 477 2591 vitas
505 2551 639 2592 dicere
668 2551 908 2593 debeamus.
953 2551 1002 2590 A.
1027 2550 1182 2591 Gellius
1211 2562 1377 2602 quoque
1406 2555 1447 2589 et
1475 2550 1693 2603 conplures

285 2610 629 2662 philosophorum
654 2610 765 2649 vitas
790 2609 924 2651 dicere
949 2609 1187 2649 voluerunt.
1231 2609 1338 2650 Nam
1365 2608 1522 2648 Plinius
1547 2613 1694 2649 auctor

285 2669 326 2709 in
351 2670 478 2710 tertio
503 2669 606 2709 artis
629 2668 930 2721 grammaticae
956 2668 1062 2708 libro
1087 2668 1166 2708 ait:
1209 2667 1343 2708 ‘Vitas
1369 2667 1534 2720 antiqui
1559 2667 1694 2708 cuius-
