1786 3016
888 275 1108 316 —66-

703 390 760 431 ,6.
789 361 1136 464 Ᾰιιθκξίοιίεοίιος.

430 482 497 533 *a)
530 481 798 522 Diebstahl
826 482 876 522 in
905 482 1061 523 Tours
1091 482 1163 533 (H.
1182 482 1232 522 F.
1261 482 1334 532 VI,
1357 482 1440 534 10).

341 558 441 609 *VI,
465 558 527 599 10.
562 559 638 599 His
652 559 800 601 diebus
814 559 988 599 basilica
1002 559 1139 600 sancti
1152 558 1325 600 Martini
1338 571 1364 599 a
1377 558 1541 600 furibus
1553 558 1703 602 effrac-

285 622 331 658 ta
350 618 446 658 fuit.
488 618 570 671 Qui
588 623 793 671 ponentes
811 618 867 660 ad
884 619 1115 659 fenestram
1133 618 1303 660 absidae
1322 618 1568 669 cancellum,
1587 618 1702 672 quod

244 683 264 717 5
289 690 412 730 super
425 677 642 718 tumulum
655 677 876 720 cuiusdam
891 677 1081 720 defuncti
1094 682 1199 728 erat,
1214 677 1488 720 ascendentes
1503 690 1577 731 per
1589 690 1701 727 eum,

285 737 465 777 effracta
496 737 648 787 vitrea,
682 742 782 777 sunt
813 737 1007 789 ingressi3
1040 737 1362 789 auferentesque
1394 736 1579 778 multum
1610 737 1703 778 auri

285 796 532 848 argentique
547 796 614 835 vel
629 796 861 848 palleorum
873 795 1182 846 olosericorum,
1195 795 1404 846 abierunt,
1415 808 1502 836 non
1510 799 1702 838 metuen-

284 858 349 894 tes
370 867 494 908 super
515 859 711 895 sanctum
732 855 1001 907 sepulchrum
1021 854 1172 907 pedem
1192 867 1360 907 ponere,
1382 854 1457 895 ubi
1475 854 1549 895 vix
1568 854 1636 895 vel
1654 867 1701 896 os

285 914 496 966 applicare
518 914 838 967 praesumimus,
869 913 950 954 Sed
972 913 1108 954 virtus
1129 914 1265 954 sancti
1286 913 1422 954 voluit
1442 913 1551 954 hanc
1570 908 1702 954 teme·
1725 928 1733 936 ·⁴

214 979 262 1013 10
284 973 458 1013 ritatem
489 973 620 1013 etiam
650 985 748 1013 cum
777 972 932 1013 iudicio
963 973 1234 1012 manifestare
1265 972 1463 1013 terribili,
1504 973 1614 1016 Nam
1642 973 1700 1024 hi,

286 1037 531 1085 perpetrato
561 1032 726 1083 scelere,
758 1032 814 1074 ad
846 1031 1190 1084 Burdegalensim
1220 1031 1440 1072 civitatem
1469 1031 1700 1084 venientes,

285 1096 379 1131 orto
393 1091 607 1142 scandalo,
622 1104 732 1132 unus
746 1091 927 1132 alterum
941 1091 1176 1142 interemit3
1191 1091 1333 1144 sicque
1348 1091 1564 1144 patefacto
1578 1103 1701 1144 opere

284 1151 449 1191 furtum
461 1155 677 1203 repertum
691 1155 776 1201 est3
791 1163 839 1191 ac
855 1151 905 1192 de
920 1150 1128 1203 hospitale
1141 1163 1286 1190 eorum
1298 1154 1520 1203 argentum
1529 1150 1702 1192 commi·

284 1214 439 1250 nutum
463 1210 530 1249 vel
554 1210 692 1263 pallea
715 1215 815 1250 sunt
839 1214 1046 1250 extracta.
1094 1209 1216 1262 Quod
1239 1222 1337 1249 cum
1358 1209 1446 1262 regi
1468 1209 1701 1263 Chilperico

215 1276 262 1310 15
285 1269 533 1309 nuntiatum
547 1269 710 1319 fuisset,
726 1269 847 1309 iussit
862 1282 931 1309 eos
947 1269 1108 1321 alligari
1120 1269 1298 1308 vinculis
1313 1273 1355 1309 et
1369 1281 1444 1309 suo
1457 1269 1701 1322 conspectui

285 1328 559 1380 praesentari.
595 1329 712 1369 Tunc
732 1341 807 1380 ego
826 1333 1033 1378 metuens,
1052 1341 1104 1368 ne
1123 1327 1177 1383 ob
1195 1328 1305 1368 illius
1323 1340 1495 1368 causam
1511 1327 1701 1368 homines

284 1393 562 1438 morerentur,
589 1388 662 1440 qui
684 1388 831 1427 vivens
855 1388 898 1428 in
921 1400 1093 1440 corpore
1117 1400 1192 1440 pro
1217 1387 1477 1440 perditorum
1499 1387 1591 1427 vita
1613 1399 1701 1428 sae-

286 1447 380 1499 pius
413 1447 664 1500 deprecatus
699 1452 777 1497 est,
812 1447 1036 1499 epistolam
1068 1447 1155 1499 regi
1187 1446 1440 1499 precationis
1472 1445 1700 1498 transmisi,

284 1519 350 1556 ne,
371 1506 527 1546 nostris
547 1519 633 1546 non
654 1506 966 1556 accusantibus,
987 1506 1042 1545 ad
1064 1518 1168 1558 quos
1189 1506 1424 1558 persecutio
1444 1505 1699 1558 pertinebat,

215 1572 262 1605 20
286 1565 329 1605 hi
350 1565 703 1606 interficerentur.
749 1565 871 1619 Quod
892 1565 960 1606 ille
982 1565 1160 1617 benigne
1182 1565 1424 1617 suspiciens,
1446 1565 1560 1605 vitae
1581 1565 1700 1605 resti-

285 1625 384 1665 tuit.
445 1625 612 1677 Species
642 1637 756 1675 vero,
788 1637 895 1677 quae
925 1625 1154 1677 dissipatae
1184 1624 1367 1675 fuerant,
1396 1623 1699 1665 studiosissime

284 1696 553 1737 componens,
579 1685 670 1724 loco
696 1689 843 1724 sancto
867 1684 987 1726 reddi
1012 1683 1229 1736 praecipit.

559 1802 629 1853 *b)
661 1802 749 1843 Die
781 1802 1023 1842 Buhlerin
1054 1802 1125 1852 (H.
1145 1802 1194 1842 F.
1223 1802 1270 1852 V,
1291 1802 1374 1851 32).

366 1879 494 1932 Apud
525 1879 708 1920 Parisius
738 1884 882 1920 autem
911 1879 1059 1919 mulier
1091 1879 1300 1931 quaedam
1327 1878 1414 1918 ruit
1441 1878 1485 1918 in
1513 1878 1699 1928 crimine,

215 1945 263 1980 25
286 1939 569 1979 asserentibus
587 1939 747 1989 multis,
769 1938 889 1991 quasi
909 1938 1036 1991 quod,
1054 1938 1200 1978 relicto
1218 1938 1323 1988 viro,
1341 1950 1438 1991 cum
1455 1937 1537 1977 alio
1554 1937 1700 1979 misce-

285 2003 415 2038 retur.
451 1998 586 2050 Igitur
603 2003 798 2050 parentes
815 1998 925 2038 illius
943 2002 1207 2038 accesserunt
1224 1997 1279 2039 ad
1296 2001 1474 2050 patrem,
1493 1996 1698 2037 dicentes:

287 2071 303 2097 «
330 2058 419 2098 Aut
446 2058 644 2097 idoneam
671 2057 799 2097 redde
827 2057 962 2097 filiam
990 2061 1124 2106 tuam,
1155 2061 1231 2096 aut
1258 2061 1370 2096 certe
1398 2055 1618 2106 moriatur,
1647 2069 1699 2096 ne

286 2121 483 2169 stuprum
506 2117 585 2156 hoc
607 2117 749 2168 generi
772 2121 917 2156 nostro
940 2121 1089 2156 notam
1112 2116 1292 2168 infligat.
1319 2129 1335 2155 »
1372 2127 1389 2154 «
1413 2114 1535 2164 Novi,
1559 2114 1699 2167 inquit

286 2181 421 2228 pater,
438 2188 514 2228 ego
530 2176 663 2216 filiam
679 2188 818 2215 meam
834 2170 939 2215 bene
955 2175 1172 2225 idoneam3
1188 2188 1263 2214 nec
1280 2179 1343 2214 est
1359 2186 1507 2214 verum
1522 2173 1699 2214 verbum

216 2235 378 2286 301100,
411 2235 524 2287 quod
554 2235 654 2275 mali
683 2235 872 2275 homines
902 2235 1227 2287 proloquuntur.
1272 2234 1433 2274 Tamen
1461 2246 1512 2273 ne
1542 2232 1699 2273 crimen

286 2299 513 2347 consurgat
544 2294 734 2344 ulterius,
765 2294 1033 2334 innocentem
1064 2306 1157 2333 eam
1188 2293 1342 2333 faciam
1373 2297 1650 2332 sacramento.
1683 2305 1701 2332 »

289 2354 344 2393 Et
364 2354 443 2394 illi:
467 2367 483 2393 «
505 2353 561 2403 Si,
582 2354 796 2406 inquiunt,
818 2358 882 2393 est
901 2353 1087 2402 innoxia,
1109 2365 1233 2405 super
1252 2351 1466 2392 tumulum
1485 2351 1563 2391 hoc
1583 2351 1699 2391 beati

288 2413 481 2466 Dionysii
500 2412 699 2465 martyris
720 2412 993 2452 sacramentis
1014 2411 1207 2452 adfirma.
1230 2424 1247 2451 »
1281 2423 1298 2450 «
1318 2411 1502 2461 Faciam,
1524 2423 1541 2450 »
1558 2410 1698 2462 inquit

286 2477 420 2524 pater.
455 2473 586 2522 Tunc,
606 2472 712 2512 inito
731 2472 902 2524 placito,
922 2471 976 2511 ad
995 2471 1212 2511 basilicam
1230 2469 1429 2522 martyris
1448 2469 1584 2509 sancti
1601 2482 1698 2510 con-

217 2538 264 2572 35
287 2531 477 2581 veniunt,
493 2532 666 2571 elevatis
673 2544 751 2583 que
766 2536 887 2583 pater
900 2530 1095 2570 manibus
1110 2543 1234 2582 super
1247 2529 1446 2569 altarium
1456 2528 1697 2580 iuravitque

286 2590 419 2630 filiam
436 2603 521 2630 non
538 2604 625 2630 esse
643 2590 909 2642 culpabilem.
945 2590 978 2629 E
996 2589 1206 2629 contrario
1223 2588 1569 2641 vero-periurasse
1586 2600 1696 2637 eum,

286 2650 356 2689 alii
377 2663 401 2689 a
422 2655 542 2702 parte
563 2650 654 2690 viro
675 2649 968 2702 pronuntiant.
1008 2648 1082 2687 His
1103 2661 1200 2700 ergo
1220 2646 1538 2697 altercantibus,
1558 2646 1697 2698 evagi-

286 2709 398 2750 natis
421 2709 570 2761 gladiis
593 2709 637 2749 in
659 2722 701 2749 se
724 2709 905 2748 invicem
928 2712 1135 2760 proruunt
1158 2712 1287 2759 atque
1311 2711 1408 2746 ante
1431 2706 1570 2759 ipsum
1592 2705 1698 2745 alta-
