1786 3016
617 522 681 582 11.
722 520 1000 597 Ausziige

131 580 133 582 -
171 607 285 679 aus
317 616 625 694 Heiligen-
658 616 779 677 und
813 616 1433 694 Profangeschiehten.

647 740 701 781 A.
728 739 971 792 Legenden.

492 823 530 863 1.
566 819 836 863 ludenknabe
866 821 1044 873 (Mart.
1066 822 1125 873 9).

181 892 296 947 Quid
316 892 447 946 igitur
467 893 513 934 in
536 893 708 935 Oriente
733 898 880 934 actum
902 894 1046 944 fuerit,
1070 893 1125 936 ad
1157 893 1526 934 conroborandam
1549 899 1570 934 5

2 936 45 1010 ff
93 951 228 996 fidem
250 952 507 994 catholicam
522 965 609 994 non
624 952 770 994 silebo.
808 953 961 995 sudaei
976 952 1199 996 cuiusdam
1214 953 1380 994 vitrarii
1394 953 1523 1004 filius,

9 1020 51 1065 .4
93 1024 193 1054 cum
213 1011 329 1066 apud
359 1012 613 1053 christianos
635 1026 787 1066 pueros
809 1013 864 1055 ad
886 1013 1030 1055 studia
1050 1013 1292 1054 litterarum
1313 1026 1524 1054 exercere-

30 1111 31 1114 ,
71 1061 181 1123 fitur,
216 1071 403 1126 quadam
435 1072 517 1124 die,
550 1073 655 1115 dum
686 1073 913 1113 missarum
944 1074 1055 1114 festa
1087 1074 1131 1114 in
1163 1073 1339 1114 basilica
1371 1072 1523 1114 beatae

31 1162 42 1178 ,γ
94 1131 254 1173 Mariae
284 1131 613 1184 celebrarentur,
645 1132 701 1175 ad
733 1133 1107 1186 participationem
1137 1133 1308 1186 gloriosi
1339 1133 1525 1186 corporis

94 1196 140 1233 et
167 1191 384 1245 sanguinis
414 1192 616 1235 dominici
643 1205 742 1233 cum
771 1192 863 1233 aliis
892 1193 1130 1234 infantibus
1159 1194 1299 1234 infans
1336 1193 1524 1236 Judaeus
1547 1199 1596 1233 10

30 1299 34 1302 ,
95 1252 287 1293 accessit.
340 1252 465 1306 Quod
494 1257 692 1296 sanctum
721 1252 1015 1306 adsumptum,
1044 1253 1234 1306 gaudens
1264 1253 1319 1296 ad
1349 1253 1526 1296 domum

22 1322 29 1333 ,¹
94 1311 230 1366 patris
250 1312 502 1363 revertitur3
523 1312 680 1366 illoque
703 1318 921 1366 operante,
943 1313 1054 1354 inter
1076 1313 1294 1366 amplexos
1317 1318 1360 1354 et
1383 1313 1526 1354 oscula

34 1370 36 1374 ’
97 1383 206 1425 quae
232 1376 456 1424 acceperat
482 1385 580 1413 cum
604 1373 763 1426 gaudio
788 1373 932 1414 refert.
975 1373 1034 1414 At
1060 1373 1128 1413 ille
1157 1373 1324 1414 Christo
1351 1373 1525 1416 domino

15 1438 33 1480 'J
95 1443 146 1472 ac
163 1430 248 1472 suis
265 1431 428 1484 legibus
443 1431 640 1473 inimicus
658 1432 740 1473 ait:
760 1432 822 1474 ‘Si
838 1446 936 1473 cum
954 1433 1018 1473 his
1035 1433 1273 1474 infantibus
1292 1433 1527 1474 communi-

95 1491 218 1542 casti,
249 1490 407 1533 oblitus
437 1497 617 1545 paterna
655 1492 831 1546 pietate,
862 1493 918 1536 ad
956 1493 1246 1536 ulciscendum
1285 1492 1525 1546 Moysaicae
1548 1497 1596 1533 15

6 1543 29 1610 J
94 1550 198 1604 legis
215 1550 415 1592 iniuriam
434 1552 644 1605 parricida
663 1552 708 1593 in
725 1557 769 1593 te
790 1553 921 1595 durus
941 1553 1174 1594 exsistam.’
1214 1554 1269 1594 Et
1290 1553 1526 1607 adprehen-

23 1654 28 1666 ι
96 1623 192 1652 sum
205 1623 386 1665 puerum
398 1611 443 1652 in
458 1624 504 1652 os
517 1613 701 1653 fornacis
716 1612 904 1655 ardentis
920 1613 1110 1666 proiecit,
1126 1612 1378 1666 adiectaque
1393 1613 1523 1666 ligna,

7 1666 32 1717 ἱ,
99 1683 184 1725 quo
212 1670 509 1713 vehementius
540 1677 802 1724 exureretur,
832 1673 1006 1714 insistit.
1058 1673 1140 1716 Sed
1170 1686 1257 1714 non
1288 1673 1426 1716 defuit
1455 1673 1528 1713 illa

6 1762 26 1776 ¹„
96 1730 398 1783 misericordia,
420 1744 528 1785 quae
546 1738 632 1774 tres
653 1732 870 1785 quondam
892 1731 1108 1774 Hebraeos
1127 1746 1279 1787 pueros
1299 1732 1527 1776 Chaldaico

18 1790 25 1810 ‘
96 1790 141 1832 in
166 1791 335 1832 camino
360 1791 570 1845 proiectos
595 1792 708 1833 nube
733 1792 949 1834 rorolenta
973 1799 1244 1846 resperserat.
1290 1793 1388 1847 Ipsa
1413 1792 1527 1833 enim
1549 1799 1598 1834 20

97 1854 142 1892 et
155 1849 271 1893 hunc
287 1851 398 1892 inter
414 1851 576 1895 medios
598 1852 747 1905 ignes1‚
767 1866 1001 1906 prunarum
1023 1853 1155 1893 moles
1177 1853 1389 1894 iacentem
1411 1865 1528 1907 pror-

18 1922 22 1924 *
97 1922 169 1953 sus
192 1911 385 1952 consumi
407 1924 495 1952 non
517 1912 696 1965 patitur.
736 1913 874 1953 Licet1
896 1913 1000 1956 dum
1023 1913 1212 1969 audisset
1235 1918 1387 1964 mater,
1413 1912 1527 1966 quod

97 1969 258 2012 scilicet
291 1970 430 2012 filium
464 1984 735 2013 communem
769 1978 892 2026 pater
926 1973 1200 2016 deliberasset
1234 1986 1423 2024 exurere,
1457 1986 1528 2014 cu-

98 2030 230 2072 currit
250 2030 306 2074 ad
323 2030 594 2074 liberandum
613 2032 833 2076 eum.‘Sed
853 2045 951 2073 cum
972 2033 1149 2075 vidisset
1168 2033 1364 2076 incendia
1384 2032 1439 2074 ab
1458 2045 1528 2073 ore

97 2090 282 2132 fornacis
306 2091 470 2144 patule,
495 2091 578 2133 huc
603 2092 690 2132 sive
707 2092 821 2143 illuc,
847 2093 1024 2133 flamma
1041 2093 1304 2144 dominante,
1329 2092 1527 2146 respergi,
1550 2099 1599 2134 25

99 2154 300 2192 ornatum
326 2151 480 2205 capitis
506 2151 562 2195 ad
587 2157 747 2192 terram
774 2152 964 2206 proiecit,
992 2153 1234 2206 diffusaque
1261 2153 1459 2204 caesarie,
1486 2166 1528 2192 se

99 2210 298 2251 miseram
319 2211 560 2262 clamitans,
582 2212 806 2254 civitatem
827 2213 1003 2254 vocibus
1025 2213 1240 2267 impletur.
1286 2213 1410 2267 Quod
1431 2225 1529 2253 cum

100 2269 342 2322 Christiani,
364 2271 467 2324 quid
485 2276 632 2312 actum
651 2273 805 2323 fuerat,
825 2272 1086 2324 didicissent,
1106 2277 1364 2314 concurrunt
1384 2285 1529 2313 omnes

15 2349 22 2369 f
99 2329 156 2373 ad
180 2334 273 2370 tam
306 2330 502 2384 iniquum
536 2332 842 2385 spectaculum,
876 2333 1157 2386 retractisque
1182 2333 1352 2386 ignibus
1377 2333 1433 2374 ab
1459 2345 1528 2372 ore

99 2389 298 2441 fornacis,
321 2389 547 2433 inveniunt
571 2405 750 2445 puerum
776 2392 897 2445 quasi
920 2406 1046 2446 super
1069 2393 1236 2446 plumas
1260 2392 1529 2433 mollissimas
1552 2399 1600 2434 30

19 2492 22 2501 ,
100 2449 441 2492 decumbentem.
489 2451 582 2505 Quo
606 2457 815 2503 extracto,
840 2452 1108 2495 admirantur
1132 2466 1277 2493 omnes
1301 2452 1529 2503 inlaesum3

101 2509 357 2551 clamoribus
384 2509 453 2551 ille
480 2509 598 2552 locus
625 2511 827 2566 repletur,
856 2517 899 2552 et
927 2512 984 2553 sic
1015 2513 1154 2554 Deum
1183 2513 1318 2553 omnis
1347 2512 1529 2566 populus

21 2597 26 2609 2
101 2568 328 2614 benedicit.
367 2570 646 2612 Conclamant
669 2572 814 2622 etiam,
838 2577 887 2612 ut
909 2578 1129 2613 auctorem
1152 2573 1276 2613 huius
1300 2572 1464 2613 sceleris
1486 2572 1530 2612 in

202 2684 218 2706 ²
243 2685 284 2720 et
306 2685 443 2721 schiebt
468 2686 616 2722 Bonnet
638 2686 714 2723 ein.
743 2706 783 2712 —
813 2686 827 2708 ¹
854 2687 959 2723 ilicet
984 2699 1092 2723 verm.
1119 2688 1214 2723 ders.
