1786 3016
0 1310 8 1327 ζ’
0 959 24 1280 '*>·*·‹'³52<'·!Nffl‘ffl?ffi
0 883 18 923 ῖωῖ
3 837 6 847 ·

702 225 910 267 ‚41-

168 342 235 390 10.
255 344 362 399 ‘Ipse
385 356 486 389 vero
509 344 565 387 ad
580 345 878 395 Mummolum‚
902 357 1084 398 cumque
1108 344 1257 387 foedus
1280 350 1380 386 ante
1405 345 1514 386 duus

69 408 223 454 ,mos
240 404 408 455 inierat,
429 404 690 458 properavit.
728 404 978 458 Morabatur
997 410 1102 445 tunc
1123 405 1382 446 Mummolus
1403 405 1514 445 infra

28 504 31 511 s
72 464 233 518 'murus
247 462 473 514 ³Avennice
493 463 610 505 urbis
633 477 731 505 cum
759 463 1027 515 Gundoaldo,
1052 464 1171 505 cuius
1193 464 1239 505 in
1260 464 1368 504 libro
1392 477 1514 518 supe·

25 526 28 580 ξ
84 523 240 566 rim-em
265 523 550 565 meminimus.
601 523 684 577 Qui
710 524 963 565 coniunctus
990 536 1088 564 cum
1116 523 1371 577 supradictis
1398 523 1515 566 duci-

85 582 506 626 busLimovicinum
532 583 750 634 accedens,
781 584 922 624 Brava
949 583 1143 624 Currecia
1170 583 1328 634 vicum,
1355 583 1399 624 in
1428 596 1511 636 quo
1534 589 1555 624 5

86 646 261 685 sanctus
273 643 499 694 Martinus,
513 643 662 694 nostri,
677 647 726 684 ut
740 643 877 694 aiunt,
893 643 1066 684 Martini
1081 643 1325 696 discipulus,
1340 643 1515 696 requiis-

76 701 160 755 cit,
177 701 375 754 advenit3
391 702 535 756 ibique
554 715 702 756 parme
717 703 1023 756 supeipositus,
1038 715 1114 743 rex
1132 708 1197 743 est
1213 702 1395 743 levatus.
1433 701 1514 744 Sed

86 774 185 805 cum
206 762 340 804 tercio
364 775 462 804 cum
485 762 635 804 eodem
658 763 859 815 girarent‚
885 762 1082 804 cecidisse
1108 763 1256 812 fertur,
1281 762 1344 803 ita
1367 767 1417 802 ut
1441 762 1514 802 vix

85 821 285 864 manibus
307 822 681 864 circumstancium
706 827 946 863 sustentare
970 822 1194 876 potuisset.
1237 821 1399 864 Deinde
1423 821 1515 862 ibat

42 895 44 897 ’
86 893 161 936 per
184 881 383 924 civitates
407 882 452 923 in
475 882 656 923 circuitu
682 882 856 936 positas.
1539 886 1586 920 10

329 1001 361 1053 i)
391 1001 724 1055 Fredegunde
757 1002 829 1053 (H.
849 1002 899 1042 F.
929 1001 1056 1052 VIII,
1079 1001 1144 1042 31.
1177 1001 1261 1052 41).

167 1078 234 1120 31.
266 1079 380 1120 Dum
413 1078 490 1129 hec
524 1084 764 1131 agerentur,
799 1084 843 1119 et
877 1079 1165 1131 Fredegundis
1200 1078 1316 1132 apud
1354 1078 1514 1118 Rotho-

64 1150 330 1192 -magensem
359 1138 510 1180 urbem
541 1143 893 1189 cummoraretur,
926 1138 1057 1179 verba
1088 1138 1387 1180 amaritudinis
1419 1150 1515 1178 cum

86 1198 338 1253 Pretextato
362 1198 566 1252 pontifice
592 1198 759 1249 habuit,
786 1198 929 1240 dicens
955 1204 1188 1240 venturum
1213 1211 1301 1238 esse
1326 1203 1513 1251 tempus,

88 1257 260 1312 quando
283 1258 445 1309 exsilia,
470 1258 515 1299 in
541 1271 625 1312 qua
649 1258 850 1300 detentus
874 1259 1030 1309 fuerat,
1055 1258 1310 1299 reverteritl.
1355 1258 1411 1298 Et
1435 1257 1514 1297 illi:
1540 1262 1586 1296 15

0 1308 21 1362 ἦ
87 1330 105 1358 «
122 1317 214 1372 Ego
231 1330 397 1372 semper
415 1323 459 1359 et
477 1318 522 1359 in
541 1318 667 1359 exilio
686 1323 729 1359 et
748 1323 872 1358 extra
890 1318 1064 1359 exilium
1084 1318 1306 1371 episcopus
1326 1317 1401 1368 fui,
1422 1330 1516 1357 sum

86 1382 130 1420 et
156 1389 242 1429 ero,
269 1390 372 1419 nam
397 1382 448 1420 tu
475 1391 562 1419 non
590 1391 755 1431 semper
782 1378 966 1431 regalem
994 1378 1238 1431 potenciam
1266 1378 1514 1431 perfrueres.

88 1437 174 1478 Nos
203 1437 259 1479 ab
290 1437 418 1479 exilio
447 1438 668 1492 proimur2‚
699 1437 916 1479 tribuente
940 1438 1043 1488 Deo,
1064 1438 1109 1478 in
1128 1450 1325 1491 regnum3
1345 1442 1395 1478 tu
1415 1449 1516 1477 vero

85 1496 142 1539 ab
159 1497 240 1539 hoc
257 1510 387 1551 regno
406 1497 668 1551 demergeres
687 1498 731 1538 in
750 1497 947 1551 abysum.
988 1498 1159 1538 Rectius
1180 1497 1293 1538 enim
1312 1501 1404 1537 erat
1421 1497 1516 1547 tibi,

85 1561 150 1608 ut,
178 1557 338 1598 relecta
363 1557 552 1599 stulticia
569 1563 700 1611 atque
717 1558 900 1608 malicia,
918 1558 1003 1598 iam
1019 1562 1062 1598 te
1081 1558 1136 1600 ad
1152 1557 1326 1598 meliora
1343 1569 1516 1597 conver—
1539 1561 1588 1595 20

85 1621 197 1658 teres
219 1621 263 1658 et
285 1617 341 1658 ab
363 1617 444 1658 hac
465 1618 691 1668 iactancia,
718 1618 849 1670 qu[i]a
873 1630 1037 1670 semper
1060 1618 1211 1668 ferves,
1235 1617 1516 1667 abstraheres,

85 1681 137 1718 ut
158 1681 203 1718 et
223 1681 275 1718 tu
297 1677 436 1718 vitam
459 1677 713 1732 adipisceres
738 1683 943 1727 eternam,
968 1682 1011 1718 et
1035 1677 1274 1731 parvolum,
1301 1689 1427 1729 quem
1448 1688 1517 1728 ge-

85 1736 232 1788 nuisti,
254 1737 482 1790 perducere
505 1738 559 1780 ad
580 1738 817 1790 legitimam
838 1737 1041 1790 <possis>
1062 1742 1238 1778 etatem.
1263 1749 1280 1776 »
1303 1736 1392 1786 Hec
1413 1737 1518 1776 effa-

84 1800 172 1848 tus,
187 1809 287 1838 cum
301 1796 433 1838 verba
448 1797 560 1838 illius
576 1797 727 1838 mulier
741 1797 930 1850 graviter
945 1797 1169 1850 acceperit,
1187 1810 1229 1837 se
1246 1809 1271 1837 a
1287 1801 1518 1849 conspectu

85 1855 176 1898 eius
196 1856 293 1898 felle
314 1857 482 1898 fervens
504 1857 730 1898 abstraxit.
768 1857 1082 1899 Advenientem
1103 1861 1283 1905 <autem
1296 1859 1318 1904 >
1338 1856 1518 1899 domini·
1540 1860 1588 1895 25

85 1928 160 1958 cae
173 1917 494 1958 resurreccionis
509 1915 618 1968 diae,
634 1930 731 1958 cum
746 1917 944 1959 sacerdus
959 1916 1014 1959 ad
1028 1916 1245 1970 implenda
1260 1916 1518 1966 eclesiastica

87 1975 231 2017 officia
262 1975 318 2019 ad
351 1977 547 2027 eclesiam
578 1978 789 2018 maturius
822 1981 1103 2030 properasset,
1138 1977 1362 2017 antefanas
1395 1976 1518 2016 iuxta

85 2036 425 2079 consuetudinen
451 2037 635 2091 incipere
665 2051 739 2090 per
767 2036 958 2079 ordinem
987 2037 1141 2089 coepit.
1187 2037 1378 2089 Cumque
1407 2036 1518 2076 inter

86 2094 324 2140 sallendum
357 2097 537 2147 formole
571 2097 858 2147 decumberet,
895 2097 1076 2140 crudelis
1112 2096 1326 2139 homicida
1361 2095 1516 2145 adfuit,

89 2155 162 2208 qui
179 2156 427 2210 episcopum
448 2170 574 2210 super
595 2157 821 2197 formolam
844 2156 1146 2210 quiescentem,
1169 2160 1364 2197 extracto
1386 2155 1518 2196 baltei
1541 2160 1589 2195 30

85 2214 238 2267 cultro,
257 2216 338 2257 sub
357 2216 511 2257 ascella
531 2217 730 2270 percutit.
770 2217 844 2256 Ille
864 2229 966 2257 vero
986 2229 1134 2257 vocem
1155 2216 1349 2266 emitens,
1369 2220 1418 2256 ut
1438 2215 1518 2255 cle-

85 2274 162 2316 rici
184 2275 257 2328 qui
278 2276 458 2317 aderant
480 2277 749 2327 adiuvarent,
774 2276 997 2326 null<i>us
1022 2289 1099 2329 ope
1124 2276 1175 2316 de
1197 2280 1342 2317 tantes
1366 2275 1519 2316 stanti-

78 2333 184 2376 bus*
210 2340 276 2376 est
303 2335 492 2377 adiutus.
526 2336 593 2376 Ad
620 2337 688 2376 ille
708 2336 854 2390 plenas
873 2336 1077 2389 sanguine
1096 2348 1248 2376 manus
1268 2348 1394 2388 super
1411 2335 1518 2375 alta-

85 2394 198 2436 rium
216 2396 465 2447 extendens,
487 2397 727 2437 oracionem
748 2396 931 2439 fundens
952 2402 995 2436 et
1018 2396 1106 2436 Deo
1125 2396 1290 2448 gracias
1312 2408 1454 2448 agens,
1475 2395 1518 2434 in

86 2454 282 2496 cubiculo
311 2467 388 2496 suo
415 2456 527 2497 inter
551 2469 703 2496 manus
729 2456 922 2498 fidelium
947 2456 1199 2508 deportatus
1226 2461 1269 2496 et
1285 2455 1328 2495 in
1345 2467 1422 2495 suo
1438 2455 1518 2494 lec·
1542 2459 1589 2493 35

11 2539 18 2558 ν,
87 2514 179 2556 tulo
198 2515 444 2557 conlocatus
463 2521 541 2556 est.
582 2516 824 2569 Statimque
846 2516 1135 2569 Fredegundis
1155 2528 1252 2556 cum
1275 2514 1519 2568 Beppoleno

87 2573 194 2617 duce
215 2579 259 2615 et
277 2575 495 2618 Ansoaldo
515 2576 670 2627 adfuit,
692 2576 855 2619 dicens:
878 2590 894 2615 «
916 2577 1011 2616 Non
1032 2580 1281 2629 oportuerat
1301 2575 1377 2624 hec
1397 2574 1518 2614 nobis

187 2682 201 2704 ¹
228 2683 470 2719 reviseret.
492 2704 529 2708 —
549 2683 564 2705 2
584 2683 901 2729 provehimur.
924 2702 969 2707 —-
988 2684 1002 2705 ³
1024 2684 1173 2719 tantis
1200 2682 1522 2719 adstantibus.
