1800 3002
517 551 554 612 1.
595 549 1259 626 AutobiographischeS.

603 666 655 706 A.
685 665 788 707 Vor-
818 666 905 706 und
933 663 1196 705 Nachworte.

97 749 312 803 Lemnos
324 747 1048 801 andScnrtfzstezzerfflistrrancx,
1060 748 1127 798 31,
1140 745 1340 788 seinis
1352 746 1561 798 lenm.)

154 835 300 876 Nonus
315 833 502 876 decimus
518 835 588 884 (sc.
605 834 823 886 episcopas
844 832 1112 882 Turonensis)
1132 831 1356 883 Gregorius
1371 842 1448 882 ego
1462 830 1525 871 in-

97 894 251 948 dignus
278 892 498 934 ecclesiam
525 891 642 934 urbis
670 891 920 942 Turonicae‚
949 891 993 931 in
1023 903 1108 944 qua
1135 890 1288 931 beatus
1316 890 1528 931 Martinus
1550 894 1571 930 5

98 953 167 995 vel
192 952 323 994 ceteri
348 951 589 995 sacerdotes
619 951 791 992 Domini
817 951 873 993 ad
901 951 1181 1004 pontificatus
1210 950 1401 991 officium
1428 962 1526 990 con-

98 1013 252 1055 secrati
282 1016 399 1063 sunt,
432 1011 487 1052 ab
520 1011 716 1053 incendio
749 1011 1002 1054 dissolutam
1036 1010 1310 1063 dirutamque
1343 1013 1526 1050 nanctus

98 1085 210 1124 sum,
231 1084 360 1126 quam
379 1071 700 1114 reaedificatam
719 1071 763 1111 in
784 1071 979 1124 ampliori
999 1070 1223 1123 altiorique
1244 1069 1415 1123 fastigio
1435 1082 1527 1122 sep-

35 1162 38 1164 -
98 1133 207 1174 timo
225 1131 389 1174 decimo
409 1131 689 1174 ordinationis
709 1143 828 1171 meae
848 1143 961 1171 anno
982 1130 1197 1181 dedicavi,
1232 1130 1276 1170 in
1298 1142 1396 1183 qua,
1416 1129 1528 1170 sicut

99 1205 126 1234 a
149 1191 339 1246 longevis
365 1203 472 1232 aevo
499 1190 742 1244 presbiteris
769 1190 969 1244 comperi,
997 1190 1221 1231 beatorum
1247 1189 1407 1231 ibidem
1432 1189 1525 1229 reli·
1547 1194 1597 1229 10

101 1251 224 1306 quiae
250 1250 566 1292 Acaunensium
594 1250 648 1291 ab
676 1250 865 1303 antiquis
892 1251 1064 1291 fuerant
1090 1250 1337 1290 collocatae.
1383 1249 1527 1303 Ipsam

99 1311 230 1353 etiam
250 1309 469 1364 capsulam
489 1310 533 1351 in
553 1310 755 1351 thesauro
775 1310 973 1350 basilicae
995 1310 1133 1350 sancti
1153 1309 1327 1350 Martini
1345 1308 1527 1363 repperi,

97 1371 143 1412 in
173 1383 259 1425 qua
286 1370 412 1411 valde
442 1370 667 1424 putredine
697 1374 790 1411 erat
819 1370 972 1423 pignus
1002 1370 1273 1420 dissolutum,
1306 1369 1420 1423 quod
1451 1381 1528 1423 pro

99 1443 245 1472 eorum
273 1431 415 1472 fuerat
443 1429 605 1471 virtute
635 1430 841 1473 delatum.
886 1430 948 1470 Ac
979 1429 1082 1472 dum
1111 1429 1279 1482 vigiliae
1308 1429 1353 1470 in
1381 1441 1528 1471 eorum

99 1491 258 1532 honore
282 1489 610 1541 celebrarentur,
635 1489 762 1531 libuit
796 1490 940 1530 animo
974 1490 1078 1530 haec
1103 1489 1274 1539 iterum,
1301 1488 1527 1542 praelucis-
1548 1492 1597 1528 15

100 1554 222 1592 cente
245 1562 380 1601 cereo,
405 1550 593 1591 visitare.
641 1550 758 1603 Quae
784 1549 887 1592 dum
913 1563 938 1590 a
962 1549 1084 1589 nobis
1110 1554 1277 1590 attente
1302 1549 1528 1599 rimantur,

101 1610 204 1653 dicit
225 1609 340 1654 aedis
361 1609 580 1652 aedituus:
612 1610 709 1650 «Est
729 1610 811 1659 hic,
832 1610 988 1663 inquit,
1009 1609 1117 1663 lapis
1140 1609 1352 1662 opertorio
1371 1613 1528 1659 tectus,

99 1670 144 1712 in
166 1682 251 1724 quo
273 1669 375 1724 quid
395 1669 568 1720 habeat,
586 1682 756 1723 prorsus
776 1669 936 1722 ignoro,
956 1669 1029 1711 sed
1050 1682 1127 1710 nec
1145 1681 1431 1722 praecessores
1452 1668 1529 1708 mi-

99 1729 256 1771 nistros
273 1729 398 1771 huius
415 1729 635 1771 custodiae
653 1729 756 1770 scire
773 1729 973 1782 comperi.
1009 1729 1208 1770 Deferam
1225 1741 1337 1779 eum,
1355 1733 1398 1768 et
1416 1741 1529 1769 scru-

99 1788 254 1830 tamini
279 1789 516 1842 diligenter,
544 1789 647 1843 quid
673 1789 893 1829 contineat
918 1789 1030 1829 infra
1055 1788 1339 1830 conclusum.»
1391 1788 1527 1842 Quem
1549 1793 1598 1827 20

101 1849 294 1892 delatum
315 1849 516 1900 reseravi,
539 1849 696 1899 fateor3
721 1853 764 1889 et
787 1849 931 1889 inveni
953 1849 997 1889 in
1020 1861 1118 1889 eum
1141 1848 1360 1902 capsulam
1383 1861 1530 1900 argen-

99 1913 232 1959 team,
250 1908 297 1950 in
318 1921 403 1962 qua
422 1921 509 1949 non
528 1908 656 1949 modo
676 1908 801 1949 beate
821 1908 996 1962 legionis
1017 1908 1208 1959 testium,
1230 1921 1378 1949 verum
1398 1908 1530 1948 etiam

101 1969 336 2010 multorum
375 1973 621 2010 sanctorum
659 1973 751 2009 tam
790 1973 1031 2021 martyrum
1072 1981 1202 2021 quam
1240 1969 1530 2010 confessorum

101 2027 303 2082 reliquiae
327 2028 600 2069 tenebantur.
646 2028 802 2069 Nancti
827 2028 957 2069 etiam
983 2041 1129 2069 sumus
1155 2033 1198 2068 et
1224 2028 1327 2068 alios
1352 2028 1529 2081 lapides,

101 2088 165 2129 ita
185 2092 235 2129 ut
257 2088 325 2128 hic
347 2092 453 2139 erat,
476 2101 701 2139 concavos,
723 2089 767 2128 in
792 2088 946 2142 quibus
968 2093 1214 2128 sanctorum
1237 2088 1529 2141 apostolorum
1551 2092 1599 2127 25

103 2160 201 2188 cum
212 2147 471 2201 reliquorum
486 2153 726 2201 martyrum
741 2148 918 2201 pignora
932 2147 1204 2188 tenebantur.
1240 2147 1363 2202 Quod
1375 2160 1530 2188 munus

103 2219 180 2260 ego
199 2207 406 2250 divinitus
426 2207 643 2252 indultum
663 2207 879 2251 admirans
900 2212 943 2248 et
962 2207 1122 2260 gratias
1144 2221 1286 2261 agam,
1308 2207 1531 2248 celebratis

103 2266 271 2320 vigiliis,
302 2266 427 2309 dictis
457 2267 588 2308 etiam
618 2267 770 2319 missis,
802 2268 905 2308 haec
935 2268 979 2308 in
1009 2268 1183 2308 ecclesia
1214 2267 1431 2308 collocavi.
1481 2267 1531 2308 In

104 2326 254 2367 cellula
273 2327 411 2368 sancti
431 2327 606 2368 Martini
626 2327 823 2368 ecclesiae
844 2327 924 2380 ipsi
945 2328 1146 2380 contigua
1166 2332 1411 2368 sanctorum
1433 2327 1531 2375 Cos7

103 2399 198 2427 mae
215 2391 258 2427 et
277 2387 475 2427 Damiani
491 2392 730 2440 martyrum
747 2388 946 2440 reliquias
964 2388 1099 2440 posui.
1135 2387 1339 2427 Basilicae
1357 2392 1529 2434 sanctae
1553 2393 1600 2427 30

104 2446 287 2500 parietes
303 2445 480 2489 adustos
496 2447 691 2487 incendio
707 2447 887 2500 repperi,
907 2460 1011 2500 quos
1029 2447 1071 2488 in
1089 2447 1160 2487 illo
1176 2447 1314 2487 nitore
1331 2447 1398 2487 vel
1416 2447 1532 2500 pingi

105 2506 172 2546 vel
202 2506 412 2557 exornari,
443 2511 492 2547 ut
523 2507 638 2560 prius
668 2508 854 2557 fuerant,
885 2507 1101 2548 artificum
1131 2512 1375 2548 nostrorum
1407 2519 1531 2560 opere

103 2565 326 2619 imperavi.
365 2566 671 2619 Baptisterium
693 2567 748 2608 ad
768 2567 906 2620 ipsam
927 2567 1146 2607 basilicam
1167 2567 1392 2609 aedificare
1414 2579 1532 2620 prae—

104 2625 211 2678 cepi,
242 2625 286 2666 in
319 2638 403 2679 quo
434 2626 572 2667 sancti
605 2627 775 2667 Ioannis
807 2639 903 2667 cum
939 2625 1070 2680 Sergii
1102 2627 1303 2680 martyris
1334 2626 1532 2679 reliquias

106 2685 247 2738 posui;
277 2690 320 2726 et
345 2685 392 2726 in
420 2685 491 2726 illo
521 2686 656 2739 priore
687 2686 938 2740 baptisterio
968 2687 1105 2727 sancti
1125 2686 1302 2739 Benigni
1331 2686 1531 2739 martyris
1554 2690 1601 2725 35

175 2775 342 2812 Sammlung
359 2777 511 2812 vulgarlat.
523 2778 622 2806 Texta.
643 2779 667 2806 6.
1447 2780 1461 2807 1
