1786 3016
0 862 19 988 «πτερὼ-..ῖ-
14 787 29 825 „JV
22 756 23 761 „
16 721 24 731 <v

731 235 951 277 ...61—

52 363 53 366 ’
114 343 428 410 Ῐῌςιιιθὸὶιΰὰἱε
443 335 886 408 graviter'accipisset‚
904 367 953 396 eo
971 355 1086 408 quod
1102 355 1145 396 in
1162 355 1250 396 eius
1267 355 1398 397 verbo
1417 355 1560 397 Sicha-

65 459 94 468 ,ι
126 414 221 467 tim
232 414 398 471 positus
413 414 560 456 taliter
575 415 717 456 fuerat
735 415 1000 466 interfectus,
1019 415 1210 459 frendere
1228 415 1272 456 in
1290 428 1388 456 eum
1405 416 1560 469 coepit.

10 494 15 501 ¹
63 480 66 482 ’
132 474 213 518 Et¹
232 473 318 526 ille,
341 486 438 516 com
461 474 648 518 vidissed
673 487 768 515 eam
793 474 1019 515 adversam
1042 474 1137 526 sibi,
1163 474 1440 528 Vosagensim
1464 475 1563 516 teri-

130 533 236 577 turii
251 533 420 588 Bittirgi
436 546 596 588 pagum
612 533 808 587 expetiit,
826 533 870 574 in
887 547 937 574 co
954 538 998 575 et
1015 534 1104 575 eius
1122 539 1319 588 parentes
1336 534 1563 587 degebant,

132 606 183 641 eo
205 593 320 648 quod
339 593 386 635 in
404 606 534 647 regno
559 593 872 635 Guntheramni
903 594 1012 646 regis
1033 594 1276 635 haberetur.
1313 594 1562 647 Tranquilla
1583 599 1604 634 5

134 666 319 709 quoque,
335 653 483 695 conius
502 653 693 704 Sicharfi,
710 653 866 694 relictis
883 653 981 694 filiis
998 658 1041 694 et
1056 653 1182 694 rebus
1199 654 1279 694 viri
1295 653 1360 694 sui
1375 654 1419 694 in
1435 654 1562 694 Toro-

131 713 230 757 nico
249 713 339 755 sive
359 713 405 755 in
421 714 629 769 *Pectavo,
652 713 707 755 ad
728 718 926 767 parentes
949 726 1046 754 suos
1067 714 1308 767 Mauriopes
1330 713 1473 754 vicum
1494 726 1565 754 ex-

133 773 281 829 petiit3
301 772 446 827 ibique
466 773 754 814 matremunio
775 773 977 826 copulata
997 778 1076 814 est.
1115 773 1232 815 Obiit
1254 778 1400 814 autem
1424 773 1567 814 Sicha-

132 833 221 876 rius
243 833 367 887 quasi
385 845 597 874 annorum
616 846 690 874 xx.
730 833 829 874 Fuit
850 838 997 874 autem
1017 833 1062 874 in
1082 833 1175 873 vita
1195 846 1272 874 sua
1291 833 1411 882 levis,
1433 832 1567 873 ebrio-

134 906 221 945 sus,
238 892 467 944 homicida,
488 889 562 946 qui
578 893 793 934 nonnullis
812 906 886 946 per
903 892 1157 933 ebrietatem
1174 892 1373 933 iniuriam
1390 892 1566 933 intullit.
1590 897 1638 931 10

135 957 158 1004 <
169 952 474 996 Ch‘ramsindus
489 965 590 993 vero
603 953 760 994 iterum
775 953 830 993 ad
844 966 985 1006 regem
1000 952 1107 993 abiit
1119 955 1160 1003 >3
1175 953 1442 1001 iudicatum<
1458 965 1537 1005 que
1550 955 1573 1000 >

135 1017 202 1055 est
227 1013 280 1065 ei,
307 1017 358 1054 ut
383 1012 659 1054 convincerat
686 1025 812 1066 super
838 1025 880 1052 se
908 1025 1006 1053 eum
1032 1012 1307 1053 interfecisse.
1357 1012 1481 1065 Quod
1506 1011 1569 1051 ita

134 1072 255 1116 fecit.
290 1071 373 1114 Sed
394 1072 524 1126 quod,
544 1077 594 1113 ut
613 1072 814 1123 diximus,
832 1072 944 1125 regi<
955 1085 1011 1112 na
1023 1075 1045 1120 >
1066 1071 1359 1114 Brunechildis
1378 1072 1421 1112 in
1440 1071 1570 1111 verbo

137 1145 216 1175 suo
240 1137 441 1186 posuerat
470 1132 722 1183 Sicharium,
749 1132 930 1184 ideoque
956 1145 1021 1172 res
1047 1132 1173 1173 huius
1199 1131 1453 1172 confischari
1480 1143 1572 1184 pre-

136 1192 272 1249 cepit3
298 1191 372 1235 sed
397 1192 443 1233 in
469 1197 690 1246 posterum
716 1205 742 1233 a
770 1192 976 1233 Flaviano
1002 1191 1238 1234 domestico
1263 1191 1427 1234 reddite
1455 1195 1570 1232 sunt.
1594 1195 1641 1230 15

141 1251 224 1295 Sed
239 1256 284 1294 et
301 1251 356 1294 ad
373 1252 561 1305 Aginum
577 1265 824 1305 properans,
841 1252 1069 1305 epistolam
1086 1252 1174 1293 eius
1190 1251 1348 1302 elicuit,
1366 1256 1414 1292 ut
1431 1263 1456 1291 a
1472 1250 1573 1291 nulo

137 1311 472 1366 contingeretur.
506 1312 621 1366 Ipse²
633 1312 746 1353 enim
760 1325 825 1352 res
840 1312 929 1352 eius
944 1324 969 1352 a
983 1311 1128 1365 regina
1142 1323 1389 1352 concessum
1400 1311 1572 1351 fuerat³.

385 1431 432 1483 b)
465 1431 681 1473 Steuern
713 1431 787 1483 (H.
807 1432 858 1472 F.
888 1431 934 1482 V,
957 1431 1022 1471 28.
1045 1430 1111 1472 34.
1135 1431 1219 1482 ΙΧ,
1242 1430 1326 1482 30).

221 1514 274 1567 V,
295 1515 361 1556 28.
392 1515 652 1569 Chilpericus
673 1528 774 1556 vero
794 1528 868 1555 rex
890 1514 1186 1555 discribtiones
1206 1526 1341 1555 novas
1363 1518 1405 1554 et
1425 1525 1575 1566 graves

139 1575 186 1617 in
202 1575 319 1617 omni
334 1587 466 1628 regno
483 1588 560 1616 suo
578 1575 671 1616 fieri
687 1575 825 1616 iussit.
867 1575 961 1628 Qua
979 1575 1030 1615 de
1048 1587 1177 1615 causa
1195 1574 1321 1615 multi
1337 1573 1576 1626 relinquen·
1599 1577 1647 1611 20

138 1639 207 1677 tes
227 1635 426 1677 civitates
446 1635 541 1676 illas
562 1635 631 1675 vel
653 1635 937 1688 possessiones
961 1635 1167 1688 proprias,
1190 1634 1274 1674 alia
1294 1646 1424 1686 regna
1446 1632 1578 1686 petie·
1603 1638 1611 1648 ⁸

140 1699 259 1746 runt,
291 1695 426 1736 satius
458 1695 662 1736 ducentes
695 1695 788 1735 aliis
821 1694 1086 1748 peregrinare
1121 1707 1251 1747 quam
1282 1693 1360 1734 tali
1392 1691 1578 1746 periculo

142 1754 374 1796 subiacere.
423 1755 649 1796 Statutum
677 1755 791 1795 enim
819 1755 975 1805 fuerat,
1004 1759 1054 1795 ut
1083 1766 1298 1807 possessor
1327 1753 1378 1793 de
1408 1751 1580 1806 propria

141 1819 259 1856 terra
280 1827 368 1856 una
391 1815 545 1855 anfora
565 1815 655 1855 vini
678 1828 752 1868 per
775 1814 1022 1867 aripennem
1045 1814 1255 1854 redderet.
1299 1813 1380 1854 Sed
1405 1817 1447 1853 et
1472 1812 1578 1852 aliae

141 1874 386 1916 functiones
410 1874 718 1927 infligebantur
743 1874 883 1925 multi,
908 1879 1000 1915 tam
1026 1874 1077 1914 de
1101 1873 1275 1926 reliquis
1300 1872 1423 1913 terris
1451 1883 1581 1925 quam
1603 1874 1651 1910 25

143 1934 196 1978 de
216 1934 462 1988 mancipiis3
485 1934 599 1988 quod
620 1934 794 1987 implere
816 1947 902 1975 non
923 1938 1108 1987 poterat.
1146 1932 1454 1973 Lemovecinus
1477 1944 1581 1985 quo-

147 2007 228 2048 que
247 1995 432 2049 populus
451 2007 549 2036 cum
567 2007 609 2034 se
628 1999 818 2035 cerneret
836 1994 922 2034 tale
940 1995 1053 2034 fasce
1072 2006 1264 2046 gravare,
1284 1993 1582 2045 congregatos*

143 2054 190 2096 in
218 2053 304 2095 kal.
333 2054 512 2105 Martiis,
541 2054 733 2095 Marcum
760 2054 1105 2104 referendarium,
1139 2053 1212 2105 qui
1238 2053 1342 2092 haec
1360 2064 1482 2104 agere
1500 2051 1584 2092 ius-

145 2127 218 2156 sus
232 2114 388 2166 fuerat,
405 2114 643 2155 interficere
662 2114 820 2165 voluit,
838 2118 881 2154 et
898 2113 1066 2154 fecisset
1083 2113 1248 2165 utique,
1264 2112 1346 2152 nisi
1361 2125 1460 2153 eum
1476 2111 1583 2164 epis-

146 2186 279 2228 copus
297 2174 518 2215 Ferreolus
535 2174 591 2214 ab
608 2174 843 2214 inminente
863 2173 1103 2215 discrimine
1122 2172 1357 2213 liberasset.
1392 2170 1584 2224 Arreptis
1607 2175 1654 2209 30

132 2238 319 2288 'quoque
339 2234 458 2275 libris
479 2234 860 2284 discribticnibus⁵,
882 2233 1078 2274 incendio
1100 2232 1336 2273 multitudo
1357 2231 1586 2272 coniuncta

146 2293 370 2336 cremavit.
406 2294 530 2336 Unde
549 2294 735 2334 multum
754 2293 959 2334 molestus
977 2307 1065 2343 rex,
1085 2292 1269 2345 dirigens
1288 2292 1339 2334 de
1358 2292 1490 2331 latere
1510 2303 1586 2331 suo

148 2365 366 2408 personae,
399 2354 602 2395 inmensis
636 2354 802 2394 damnis
837 2354 1044 2406 populum
1077 2352 1249 2392 adflixit
1283 2351 1585 2404 suppliciisque

148 2414 396 2464 conteram,
419 2419 556 2455 morte
580 2414 799 2455 multavit.
840 2414 1000 2454 Ferunt
1024 2412 1169 2463 etiam,
1192 2417 1295 2452 tunc
1319 2411 1498 2451 abbates
1521 2414 1586 2450 at-

151 2486 234 2527 que
255 2473 513 2527 presbiteros
534 2474 589 2514 ad
611 2474 780 2527 stipites
802 2478 1001 2514 extensos
1023 2472 1199 2515 diversis
1221 2471 1480 2512 subiacuisse
1501 2475 1587 2510 tor·
1611 2474 1658 2509 35

150 2533 322 2584 mentis,
351 2534 716 2575 calumniantibus
745 2533 956 2586 regalibus
985 2532 1137 2582 missis,
1168 2531 1282 2584 quod
1311 2531 1354 2571 in
1382 2529 1587 2572 seditione

250 2643 265 2666 ²
287 2645 350 2680 at.
375 2664 413 2669 —-
441 2643 456 2665 ²
479 2643 583 2689 ipsi.
611 2664 648 2668 —
678 2643 694 2665 ³
718 2652 989 2679 concessae
1012 2642 1216 2677 fuerant.
1241 2661 1287 2666 —
1310 2641 1324 2662 ‘¹
1346 2648 1590 2685 congrega-

158 2699 248 2735 tus.
268 2718 306 2723 -—
324 2698 339 2720 ⁵
366 2697 750 2734 discribtionum.
774 2718 810 2722 —
839 2697 853 2719 ⁶
884 2696 1152 2732 conterruit
1176 2695 1257 2741 (egl.
1274 2693 1471 2730 BonnetS.
1490 2692 1590 2737 422).
