1786 3016
713 220 928 260 -11-

106 341 269 389 scilicet
285 345 339 384 ut
356 339 510 382 beatus
531 340 756 390 Martinus,
779 339 852 393 qui
872 339 1077 381 viduatus
1097 338 1153 378 ab
1172 338 1253 379 hoc
1274 338 1435 378 mundo
1455 337 1539 378 vir-

39 443 43 447 .
106 400 301 457 finitatis
321 400 556 443 custodivit
575 400 791 453 integrum
813 399 956 450 decus,
978 398 1234 451 martyrium
1255 397 1387 438 etiam
1408 397 1475 437 vel
1495 397 1540 437 in

108 459 468 505 occultis-insidiis
487 459 556 500 vel
576 459 620 500 in
640 459 820 513 publicis
840 458 1003 500 iniuriis
1023 457 1387 511 triumphabiliter
1406 457 1541 498 adim·

108 520 259 576 plevit,
276 519 347 562 cui
365 519 497 562 etiam
516 523 608 560 erat
628 531 784 559 corona
802 518 1023 571 trigesimi,
1043 517 1293 570 sexagesimi
1313 516 1380 556 vel
1400 520 1541 557 cente-

109 579 207 622 simi
223 579 404 631 fructus,
424 579 470 620 in
488 579 554 619 his
573 583 748 620 centum
768 578 1004 618 virtutibus
1024 581 1265 630 augeretur.
1306 576 1410 629 Spes
1430 576 1545 616 enim
1567 580 1588 615 5

100 639 214 681 mihi
225 643 332 691 crat,
348 652 415 679 me
429 651 516 679 non
530 638 727 679 frustrari
741 651 766 678 a
780 642 898 688 voto,
916 638 1030 690 quod
1042 637 1085 677 in
1098 641 1196 677 octo
1207 636 1343 687 annis,
1358 636 1542 676 Domino

108 698 298 750 iubente,
321 698 546 752 complevi,
567 699 794 752 ipsumque
816 710 840 737 a
862 697 1024 738 virtute
1047 710 1173 750 super
1193 709 1260 736 me
1281 697 1398 736 facta
1419 707 1542 748 coep-

108 763 220 811 tum,
239 759 294 801 ad
313 771 381 799 me
399 759 556 799 iterum
576 771 671 799 sum
689 770 916 811 regressus.
960 757 1083 810 Quod
1103 769 1190 796 non
1209 756 1297 796 sine
1317 755 1543 809 providen—

51 873 54 877 .
109 819 174 860 tia
197 818 381 860 arbitror
409 818 659 859 Divinitatis
684 830 773 858 esse
799 818 978 867 factum,
1004 821 1054 857 ut
1079 816 1134 859 ad
1160 829 1258 857 eum
1283 816 1492 866 finiretur,
1519 827 1544 854 a

112 890 198 933 quo
209 878 364 932 legitur
377 882 567 932 coeptus.
595 877 645 918 In
661 890 745 930 quo
759 890 857 919 cum
871 876 1182 930 quinquaginta
1194 888 1350 916 novem
1361 875 1544 916 virtutes
1567 879 1615 914 10

111 937 417 992 discripsissem
437 942 481 978 et
501 937 809 990 sexagesimam
821 937 961 978 adhuc
982 935 1202 978 adtentius
1223 935 1544 989 praestolarem,

112 997 257 1040 subito
285 997 390 1038 mihi
419 997 639 1038 sinistrum
668 997 821 1050 capitis
850 997 1013 1049 timpus
1043 1000 1212 1036 artatur
1241 995 1472 1045 doloribus,
1502 998 1546 1034 et

112 1057 384 1112 pulsantibus
413 1057 547 1107 venis,
578 1056 868 1099 defluentibus
897 1056 1097 1105 lacrimis,
1127 1060 1277 1096 tantus
1307 1054 1546 1095 inminebat

111 1117 341 1168 cruciatus,
368 1121 419 1158 ut
447 1117 617 1158 oculum
653 1116 697 1156 vi
725 1128 1056 1169 conpremerem,
1084 1128 1136 1156 ne
1164 1119 1371 1168 creparet.
1423 1113 1546 1168 Quod

113 1177 218 1220 dum
233 1189 308 1231 per
323 1189 456 1218 unam
473 1176 586 1219 diem
603 1189 652 1217 ac
669 1181 840 1217 noctem
850 1175 1038 1229 graviter
1050 1176 1217 1226 ferrem,
1229 1187 1355 1215 mane
1372 1173 1547 1216 adveni·
1569 1177 1618 1213 15

113 1250 188 1278 ens
213 1236 270 1279 ad
295 1236 516 1278 basilicam
543 1236 694 1286 sancti,
724 1235 906 1276 orationi
933 1240 1191 1289 prosternor.
1242 1235 1335 1288 Qua
1361 1234 1547 1287 expleta,

117 1295 274 1339 doloris
291 1296 433 1337 locum
452 1296 561 1347 velo,
577 1296 761 1349 quiante
781 1296 958 1336 beatum
978 1295 1249 1348 dependebat
1261 1294 1548 1348 sepulchrum,

113 1356 263 1409 attegi.
313 1356 406 1410 Quo
430 1361 565 1406 tacto,
592 1356 788 1409 protinus
813 1360 856 1396 et
882 1355 1029 1408 pulsus
1054 1367 1262 1396 venarum
1287 1359 1330 1394 et
1354 1354 1550 1394 lacrima-

113 1427 210 1457 rum
225 1415 369 1457 fluxus
385 1415 522 1456 stetit.
556 1416 658 1455 Post
673 1415 867 1456 triduum
883 1428 984 1455 vero
1000 1415 1197 1457 dextram
1213 1414 1366 1467 capitis
1382 1418 1549 1467 partem

115 1475 262 1516 similis
285 1475 432 1528 attigit
455 1475 588 1518 dolor.
631 1475 866 1516 Pulsabant
890 1488 1039 1525 venae,
1064 1479 1195 1527 atque
1218 1474 1405 1515 ubertim
1428 1473 1549 1514 lacri-
1572 1477 1621 1512 20

87 1540 90 1544 '
116 1547 211 1576 mae
228 1535 491 1578 defluebant.
513 1536 674 1576 Iterum
685 1548 809 1575 mane
828 1547 1099 1587 consurgens,
1113 1534 1204 1588 pari
1221 1539 1271 1575 ut
1289 1534 1404 1587 prius
1422 1533 1551 1573 modo

116 1599 318 1639 contacto
336 1595 432 1635 velo
455 1595 609 1649 capite,
634 1608 761 1636 sanus
785 1595 981 1635 abscessi.
1021 1594 1265 1635 Transactis
1288 1606 1390 1634 vero
1414 1593 1551 1636 decim

117 1654 281 1706 diebus,
322 1654 462 1696 visum
503 1660 568 1695 est
608 1655 714 1695 mihi
745 1655 934 1696 minuere
977 1654 1246 1707 sanguinem3
1288 1654 1418 1694 tertia
1451 1665 1552 1693 vero

117 1714 184 1757 die
209 1719 307 1768 post
330 1714 546 1768 sanguinis
571 1715 898 1755 diminutionem
923 1714 1054 1755 subiit
1076 1714 1180 1756 mihi
1202 1714 1552 1766 cogitatio,et,ut

118 1773 258 1826 credo,
280 1787 354 1828 per
373 1774 666 1817 insidiatorem
686 1774 857 1825 iniecta,
882 1774 995 1827 quod
1017 1774 1120 1814 haec
1153 1787 1261 1827 quae
1292 1773 1552 1826 pertuleram
1575 1776 1623 1811 25

119 1846 146 1874 a
162 1834 366 1887 sanguine
383 1834 639 1885 evenissent,
657 1839 715 1885 et,
734 1834 767 1874 si
785 1847 894 1874 vena
912 1834 1106 1887 protinus
1123 1834 1273 1875 fuisset
1290 1834 1437 1884 incisa,
1455 1845 1554 1874 con-

118 1893 263 1936 festim
279 1893 363 1934 ista
381 1899 629 1934 cessassent.
650 1894 763 1935 Dum
779 1894 883 1935 haec
900 1894 1041 1947 cogito
1058 1907 1106 1935 ac
1122 1894 1311 1944 revolvo,
1328 1893 1554 1934 amborum

119 1950 354 2007 'timporum
370 1967 504 1995 venae
521 1954 761 2007 prosiliunt,
777 1959 1010 1994 renovatur
1027 1953 1160 2004 dolor,
1180 1954 1252 2007 qui
1268 1954 1383 2007 prius
1399 1954 1554 2003 fuerat,

120 2018 164 2054 et
189 2013 276 2055 iam
302 2026 388 2054 non
413 2026 545 2054 unam
572 2019 740 2067 partem
765 2014 934 2067 capitis,
961 2013 1034 2054 sed
1061 2019 1205 2055 totum
1232 2013 1382 2067 arripit
1407 2017 1554 2066 caput.

121 2073 371 2115 Commotus
394 2086 492 2126 ergo
517 2073 748 2124 doloribus,
773 2074 827 2115 ad
852 2073 1072 2114 basilicam
1097 2086 1291 2127 propero,
1315 2086 1364 2114 ac
1388 2086 1464 2126 pro
1486 2085 1556 2113 co·
1579 2077 1627 2111 30

120 2132 330 2186 gitatione
352 2146 486 2187 prava
507 2133 739 2187 deprecans
762 2133 946 2184 veniam,
969 2133 1096 2187 palla,
1121 2147 1229 2186 quae
1250 2133 1427 2174 beatum
1448 2132 1556 2185 tegit

123 2192 407 2246 sepulchrum,
423 2198 554 2247 caput
569 2193 715 2246 attigi;
732 2206 846 2244 mox,
863 2193 1005 2236 dolore
1021 2193 1184 2243 sedato,
1197 2206 1325 2234 sanus
1336 2193 1486 2234 recessi
1505 2192 1556 2232 de

122 2252 305 2294 tumulo.
344 2253 481 2293 Multa
506 2253 677 2306 quidem
700 2259 800 2294 sunt
822 2258 866 2293 et
887 2253 984 2303 alia,
1010 2265 1117 2306 quae
1140 2253 1204 2293 vir
1226 2253 1379 2294 beatus
1401 2252 1556 2294 cotidie

124 2316 339 2365 operatur,
357 2325 464 2366 quae
478 2313 645 2366 insequi
658 2313 833 2365 longum
848 2318 926 2353 est.
958 2314 1134 2363 Tamen,
1150 2313 1184 2353 si
1196 2313 1335 2355 adhuc
1347 2325 1558 2355 meremur

125 2371 268 2414 videre
294 2371 512 2423 miracula,
541 2373 681 2426 placet
707 2386 756 2412 ea
783 2373 907 2413 alteri
932 2372 1131 2425 coniungi
1156 2373 1311 2413 libello.
1358 2373 1482 2423 Nam,
1508 2377 1558 2413 ut
1581 2375 1628 2412 35

125 2425 326 2482 diximus,
340 2431 400 2472 hii
414 2432 499 2474 duo
513 2432 643 2473 libelli
657 2433 700 2472 in
724 2433 803 2473 hoc
818 2445 994 2473 numero
1008 2437 1252 2473 teneantur.
1283 2433 1372 2485 Ego
1389 2445 1557 2485 quoque

126 2491 280 2545 pietati
314 2491 550 2533 dominicae
583 2492 793 2533 maximas
826 2493 960 2532 refero
992 2492 1167 2544 gratias,
1203 2492 1316 2545 quod
1350 2492 1453 2532 mihi
1486 2505 1560 2545 per

61 2594 71 2603 ‚
126 2550 379 2603 suffragium
398 2551 605 2592 antistitis
622 2552 793 2604 gloriosi
811 2551 1057 2593 concessum
1076 2557 1155 2603 est,
1174 2557 1223 2593 ut
1244 2552 1358 2605 quod
1375 2552 1420 2592 in
1436 2552 1560 2592 initio

126 2611 314 2651 tractavi
350 2611 475 2664 potui
511 2611 567 2654 ad
603 2612 734 2652 finem
771 2625 905 2664 usque
943 2612 1191 2665 perducere3
1228 2612 1474 2665 deprecans,
1511 2616 1560 2652 ut

129 2670 243 2723 quod
272 2683 397 2724 saepe
425 2672 640 2712 confessor
669 2672 822 2712 tribuit
851 2672 1018 2725 populis
1047 2672 1151 2712 mihi
1180 2673 1393 2725 peccatori
1420 2671 1560 2724 largus
1590 2671 1635 2707 40
